3288 5294
618 663 670 715 DE
692 663 798 717 Nova
821 665 1098 720 Hmuosomlun

802 1093 907 1181 [xva]

603 1345 679 1424 DE
711 1347 923 1424 SANCTA
958 1349 1113 1426 CENA.

297 1707 376 1752 ¹1⁰·

301 1770 578 2048 SANCTA
602 1770 695 1837 Cena
713 1793 733 1836 a
752 1771 902 1839 Domino
920 1773 1083 1839 instituta
1100 1783 1164 1852 est,
1185 1781 1223 1840 ut
1245 1773 1414 1858 perillam

439 1868 483 1932 sit
495 1865 690 1950 conjunctio
702 1869 867 1932 ecclesiae
881 1889 957 1932 cum
970 1867 1078 1946 caelo,
1091 1869 1141 1936 ita
1153 1889 1230 1934 cum
1246 1871 1416 1935 Domino:

438 1961 516 2026 ideo
534 1961 593 2026 illa
614 1973 669 2027 est
688 1959 937 2026 sanctissimum
957 1962 1078 2028 cultus.

474 2070 564 2122 211.
591 2054 662 2120 Sed
679 2056 854 2138 quomodo
873 2077 933 2138 per
951 2056 1046 2120 illam
1065 2055 1103 2118 fit
1121 2055 1329 2137 conjunctio,
1345 2075 1415 2118 non

296 2147 436 2230 capiunt
449 2148 505 2232 qui
518 2168 586 2211 non
600 2149 712 2212 sciunt
724 2147 850 2230 aliquid
864 2149 905 2211 de
918 2168 1020 2212 sensu
1032 2149 1168 2212 interno
1179 2169 1239 2212 seu
1251 2148 1416 2231 spirituali

296 2239 415 2317 Verbi,
433 2261 513 2306 nam
532 2241 665 2306 illinon
682 2241 773 2304 ultra
788 2261 924 2305 sensum
941 2251 1135 2318 externum,
1149 2244 1204 2326 qui
1223 2253 1277 2306 est
1296 2262 1416 2306 sensus

296 2335 445 2412 litterae,
467 2337 634 2419 cogitant.
680 2335 737 2398 Ex
761 2356 862 2400 sensu
886 2337 1021 2400 interno
1043 2357 1104 2400 seu
1121 2337 1286 2419 spirituali
1309 2335 1416 2401 Verbi

296 2431 402 2494 scitur
413 2431 492 2513 quid
506 2429 675 2513 significat
687 2436 707 2463 “
716 2449 838 2512 corpus
847 2430 863 2456 ''
872 2440 908 2494 et
920 2437 940 2463 “
949 2430 1117 2513 sanguis,”
1127 2441 1162 2494 et
1175 2431 1255 2514 quid
1267 2438 1287 2464 ‘⁸
1295 2430 1416 2515 panis”

296 2535 333 2590 et
353 2525 529 2602 “vinum''
548 2533 620 2588 tum
640 2525 719 2608 quid
741 2523 1019 2590 “manducatio”

355 2631 444 2682 212.
473 2617 513 2680 ln
539 2615 600 2679 illo
625 2637 728 2680 sensu
756 2615 935 2699 “corpus'’
956 2625 1015 2680 aut
1040 2615 1175 2679 “caro’'
1197 2615 1337 2680 Domini
1363 2625 1416 2681 est

295 2709 422 2774 bonum
439 2711 573 2784 amoris,
588 2709 743 2772 similiter
757 2710 883 2791 “panis
898 2707 926 2787 ;''
944 2727 984 2772 ac
1003 2707 1195 2790 “sanguis''
1208 2707 1346 2772 Domini
1361 2717 1415 2772 est

296 2804 423 2868 bonum
434 2803 521 2878 fidei,
531 2803 685 2867 similiter
696 2809 715 2836 ‘¹
725 2803 839 2866 vinum
852 2801 879 2881 ;’'
894 2823 933 2867 ac
947 2803 1194 2866 “manducatio
1203 2802 1218 2827 ”
1228 2813 1281 2866 est
1292 2823 1415 2886 appro-

296 2900 419 2982 priatio
435 2908 471 2962 et
487 2895 690 2978 conjunctio.
731 2897 871 2980 Angeli,
888 2898 944 2980 qui
963 2907 1043 2960 sunt
1059 2897 1150 2982 apud
1170 2896 1343 2960 hominem
1359 2897 1415 2979 qui

296 2993 369 3056 obit
389 2991 649 3056 Sacramentum
665 2991 791 3067 Cenae,
809 3011 877 3054 non
896 2991 997 3055 aliter
1015 2991 1214 3072 intelligunt
1233 2991 1301 3066 illa,
1319 2992 1415 3074 spiri·

296 3087 436 3150 tualiter
458 3087 549 3150 enirn
571 3087 761 3168 percipiunt
788 3085 924 3164 omnia;
954 3085 1034 3148 inde
1061 3095 1115 3148 est
1142 3085 1232 3166 quod
1260 3083 1415 3150 santium

297 3181 422 3244 amoris
438 3189 473 3244 et
490 3177 644 3244 sanctum
657 3180 734 3245 fidei
753 3182 871 3246 influat
884 3193 964 3246 tunc
984 3181 1028 3245 ab
1045 3181 1178 3264 angelis
1195 3181 1286 3264 apud
1304 3181 1416 3246 homi·

296 3289 387 3346 uem,
406 3272 457 3335 ita
471 3291 531 3354 per
548 3271 680 3335 caelum
698 3293 718 3336 a
738 3272 908 3350 Domino;
933 3272 1012 3336 inde
1030 3269 1234 3354 conjunctio.

355 3374 448 3442 213.
477 3359 534 3422 Ex
557 3361 609 3424 his
632 3371 730 3444 patet
748 3365 840 3445 quod
859 3364 1059 3428 homocum
1082 3367 1187 3431 sumit
1205 3387 1342 3452 panem,
1359 3372 1416 3455 qui

295 3460 349 3515 est
363 3471 495 3534 corpus,
508 3451 734 3535 conjungatur
745 3455 893 3520 Domino
906 3475 965 3540 per
975 3457 1101 3522 bonum
1115 3462 1240 3524 amoris
1253 3463 1286 3524 in
1301 3461 1416 3546 Ipsum

296 3545 339 3608 ab
350 3545 431 3627 Ipso
443 3566 450 3624 ;
468 3556 593 3611 etcum
606 3550 709 3612 sumit
719 3545 845 3625 uinum,
858 3551 948 3632 quod
961 3561 1015 3615 est
1027 3553 1177 3634 sanguis,
1189 3554 1419 3640 conjungatur¹

295 3639 446 3705 Domino
462 3661 521 3724 per
537 3643 663 3706 bonum
680 3641 757 3706 fidei
776 3645 809 3707 in
828 3645 942 3726 Ipsum
959 3645 1003 3708 ab
1020 3646 1109 3730 Ipso.
1155 3647 1222 3712 Sed
1239 3652 1414 3716 sciendum

294 3744 349 3798 est
366 3735 457 3816 quod
474 3733 667 3817 conjunctio
683 3757 760 3801 cum
781 3737 929 3803 Domino
948 3761 1008 3823 per
1024 3740 1283 3807 Sacramentum
1300 3743 1415 3811 Cenae

294 3827 354 3892 liat
373 3829 483 3893 solum
503 3832 592 3913 apud
612 3831 690 3895 illos
708 3835 764 3916 qui
783 3835 816 3896 in
835 3835 927 3898 bono
946 3837 1071 3900 amoris
1089 3848 1125 3901 et
1144 3835 1221 3902 fidei
1241 3839 1274 3902 in
1294 3840 1413 3905 Domi-

294 3942 375 3986 num
398 3945 419 3987 a
441 3925 591 3989 Domino
614 3937 712 3990 sunt:
741 3929 830 4010 apud
855 3929 918 3992 hos
942 3950 1001 4012 per
1023 3929 1184 3996 Sanctam
1208 3932 1337 3998 Cenam
1360 3945 1414 4001 est

293 4017 508 4099 conjunctim
531 4021 620 4104 apud
640 4033 773 4087 ceteros
790 4034 843 4088 est
861 4027 1055 4107 praesentia
1071 4036 1106 4090 et
1124 4047 1191 4091 non
1208 4027 1412 4110 conjunctio.

352 4124 445 4194 214.
474 4111 657 4176 Praeterea
672 4113 800 4178 Sancta
818 4115 914 4180 Cena
932 4117 1076 4181 includit
1095 4128 1131 4181 et
1149 4121 1414 4202 comprehendit

293 4221 432 4266 omnem
445 4203 574 4268 cultum
590 4205 748 4270 Divinum
765 4209 960 4273 institutum
977 4211 1010 4272 in
1027 4209 1185 4275 Ecclesia
1203 4213 1412 4293 Israelitica;

292 4295 497 4361 holocausta
515 4301 605 4362 enim
624 4311 659 4363 et
677 4301 850 4378 sacrificia,
870 4303 904 4366 in
925 4305 1044 4387 quibus
1062 4305 1175 4369 cultus
1194 4305 1283 4370 illius
1299 4307 1411 4372 eccle·

291 4392 362 4456 siae
384 4393 616 4475 principaliter
638 4395 833 4472 constabat,
854 4417 921 4462 una
943 4419 1029 4462 voce
1052 4397 1143 4463 dicia
1166 4401 1299 4466 fuerunt
1321 4407 1411 4486 “pa-

291 4485 343 4549 nis
355 4485 382 4550 :”
400 4486 479 4551 inde
498 4487 603 4552 etiam
622 4487 749 4553 Sancta
768 4489 861 4555 Cena
880 4502 933 4557 est
953 4493 1023 4576 ejos
1042 4493 1346 4578 complementum.
