3352 5298
489 666 538 718 ΕΤ
560 667 644 734 EJth
667 667 866 720 DOCTRINA
887 665 1162 720 cummi-rt.
1180 671 1210 736 9.
1370 665 1405 736 15

574 1261 777 1318 PROLOGUS
797 1263 855 1314 AD
878 1262 1123 1316 noemma.

343 1571 381 1628 8.
410 1567 509 1643 Quen
522 1569 590 1626 finis
601 1569 744 1626 eeclesiae
756 1570 804 1634 sit,
816 1571 939 1642 quando
951 1569 1033 1625 nulls
1044 1568 1119 1625 fides
1131 1568 1203 1641 quis
1217 1568 1298 1624 nulls
1312 1565 1409 1624 chari·

290 1658 505 1714 mostensum
515 1650 808 1722 estinopusculoDe
819 1651 929 1706 Ulnino
940 1649 1259 1724 JudicioetBabylom'a
1266 1647 1409 1703 destruite

291 1735 327 1794 (n.
336 1748 420 1796 33-99.
430 1737 500 1796 sen).
534 1729 613 1803 Quia
622 1746 702 1786 nunc
714 1731 856 1786 ecelesiae
866 1731 896 1786 in
906 1729 1079 1788 Christiano
1087 1730 1160 1786 orbe
1171 1745 1204 1784 se
1213 1729 1410 1784 distinxerant

291 1808 387 1864 solum
406 1825 459 1881 per
473 1810 545 1866 talia
562 1827 638 1882 quse
659 1809 729 1866 fidei
748 1821 827 1874 sunt,
837 1821 869 1866 et
890 1827 984 1882 usque
1005 1810 1080 1866 fides
1101 1809 1183 1865 nulls
1203 1819 1249 1865 est
1273 1809 1324 1863 ubi
1348 1824 1409 1863 non

290 1887 426 1952 charitas,
443 1889 512 1946 ideo
526 1891 614 1946 velim
634 1890 691 1953 hic,
706 1901 776 1946 ente
792 1891 886 1962 ipsam
903 1889 1087 1954 Doiinnam,
1102 1889 1293 1962 praemittere
1311 1887 1410 1960 alique

291 1969 329 2024 de
336 1967 472 2025 doctrina
480 1970 634 2026 eharitatis
643 1971 722 2042 apud
735 1971 884 2042 antiquos.
922 1969 1047 2034 Dicitur,
1057 1971 1187 2026 ecclestiu
1198 1973 1232 2024 in
1243 1969 1411 2024 Christeitno

289 2051 360 2114 orbe,
373 2060 404 2106 et
418 2067 471 2122 per
483 2051 547 2107 illas
563 2051 771 2124 intelliguntur
782 2051 923 2107 ecclesiae
941 2052 1021 2122 apud
1039 2049 1229 2107 Reformatos
1244 2066 1298 2106 seu
1315 2047 1411 2104 Even-

290 2131 408 2202 geticos,
418 2147 479 2186 non
491 2142 591 2187 nutem
601 2131 681 2202 apud
695 2131 879 2196 Pontificios‚
887 2132 1029 2204 quoniam
1043 2132 1083 2187 ibi
1094 2148 1155 2186 non
1170 2129 1302 2186 Ecclesia
1309 2128 1411 2187 Chris·

291 2211 373 2266 tiana
381 2221 442 2274 est;
461 2228 528 2266 nam
542 2212 592 2266 ubi
602 2212 734 2276 ecclesia,
745 2212 785 2268 ibi
795 2213 936 2268 adoratur
946 2211 1095 2268 Dominus
1104 2222 1136 2267 et
1148 2212 1258 2283 legitur
1265 2209 1411 2266 Verbum:

291 2291 377 2348 aliter
388 2294 467 2363 apud
482 2292 564 2357 ilios;
584 2291 624 2347 ibi
636 2293 800 2349 adorantur
812 2292 868 2365 ipsi
880 2293 948 2349 loco
963 2291 1094 2356 Domini,
1108 2303 1139 2348 et
1151 2292 1284 2348 Verbum
1298 2291 1411 2346 inhibe·

291 2381 341 2427 tur
364 2372 422 2445 legi
446 2389 465 2428 a
489 2372 609 2444 populo,
624 2389 659 2428 sc
683 2371 833 2429 distamen
860 2372 958 2445 Papae
982 2374 1105 2445 ponitur
1115 2372 1152 2442 ⁸ei
1174 2371 1305 2444 aequale,
1318 2371 1412 2426 immo

291 2469 326 2509 su
348 2469 380 2508 re
391 2453 431 2508 id.

327 2469 385 2604 po.
410 2531 554 2588 Dotirins
565 2533 727 2597 charitatis,
740 2549 816 2605 quse
828 2543 874 2590 εει
886 2533 1023 2590 doiiiina
1033 2533 1121 2597 vitae,
1132 2532 1189 2588 fuit
1202 2532 1266 2604 ipse
1275 2529 1413 2587 doetrins

292 2613 322 2670 in
341 2613 483 2685 Antiquis
503 2613 642 2669 Ecclesiis
661 2618 806 2678 (dequibus
821 2619 927 2666 eoelestis
941 2619 1050 2666 videsnn
1064 2619 1090 2666 in
1104 2619 1211 2666 Aramis
1228 2617 1377 2671 Caelum
1387 2629 1412 2666 n
1470 2669 1474 2686 ‚

292 2701 359 2759 123⁸,
367 2700 454 2758 2385„
472 2703 503 2748 et
515 2693 566 2748 illa
578 2691 714 2748 dotirina
725 2693 882 2764 conjunxit
895 2709 1000 2748 omnes
1012 2693 1160 2756 ecclesias.
1170 2708 1205 2748 ac
1220 2692 1263 2746 itu
1274 2707 1311 2746 ex
1321 2690 1413 2762 piuri-

292 2773 347 2827 bus
362 2789 451 2827 unam
467 2771 552 2828 iecit:
577 2789 631 2844 pro
650 2771 820 2828 hominibus
835 2774 915 2828 enim
936 2773 1078 2828 ecclesiae
1098 2781 1286 2844 agnoverunt
1307 2786 1413 2826 omnes

297 2851 362 2908 iilos
377 2853 429 2925 qui
443 2853 473 2908 in
486 2854 567 2908 bono
579 2853 733 2909 charitatis
745 2853 892 2916 vixerunt,
902 2863 934 2909 et
940 2863 1123 2909 vocaverunt
1136 2852 1248 2916 iratres,
1259 2861 1413 2923 utcunque

294 2944 445 3004 praeterea
455 2933 485 2988 in
494 2933 581 2995 veris.
590 2950 666 3006 quae
675 2933 766 2990 hodie
775 2933 845 2988 fidei
855 2934 1002 2997 dicuntur,
1011 2933 1227 3005 discreparent;
1240 2933 1270 2988 in
1281 2933 1413 2988 bisunus

293 3013 418 3070 aiterum
434 3015 582 3078 instruxit,
595 3015 677 3086 quod
696 3023 760 3070 erat
779 3015 857 3070 inter
870 3030 962 3086 opera
979 3031 1083 3070 eorum
1102 3015 1271 3078 charitatis;
1289 3023 1320 3069 et
1338 3027 1414 3084 quo-

294 3109 352 3166 que
364 3110 425 3150 non
436 3094 581 3166 indignati
591 3104 662 3150 sunt
674 3093 699 3150 si
709 3111 786 3151 unus
798 3096 836 3150 ud
849 3095 970 3150 alterius
982 3095 1162 3150 sententiam
1176 3111 1237 3150 non
1249 3095 1412 3155 accederet.

293 3175 421 3231 scientes
442 3176 523 3247 quod
544 3176 671 3248 quisque
692 3185 810 3230 tantum
825 3175 888 3230 veri
907 3175 1031 3246 recipiat
1048 3185 1194 3248 quantum
1214 3177 1244 3230 in
1259 3175 1340 3230 bono
1358 3185 1413 3229 est.

293 3254 372 3328 Quia
389 3257 464 3311 teies
479 3255 599 3312 iuerunt
620 3255 772 3327 Antiquae
791 3255 948 3319 Ecclesiae,
968 3257 1080 3312 idcirco
1099 3256 1254 3312 interiores
1276 3254 1414 3311 homines

293 3335 428 3400 iuemnt;
446 3336 562 3409 etquis
579 3336 743 3398 interiores,
759 3334 880 3391 fuerunt
898 3336 1109 3408 sapientiores:
1128 3353 1197 3391 nam
1216 3335 1267 3408 qui
1287 3335 1317 3390 in
1332 3335 1414 3390 bono

294 3417 403 3472 amoris
415 3425 447 3472 et
455 3417 609 3472 charitatis
621 3426 701 3478 sunt,
713 3415 754 3470 illi
767 3417 866 3487 quoad
877 3416 1028 3472 internum
1038 3417 1192 3472 hominem
1201 3417 1231 3471 in
1242 3416 1325 3471 caelo
1334 3426 1413 3476 sunt.

294 3507 325 3554 et
339 3497 380 3553 ibi
394 3497 494 3570 quoad
513 3497 596 3552 illum
616 3497 647 3552 in
662 3497 805 3553 societate
826 3497 960 3569 angelica
978 3513 1055 3569 quae
1076 3498 1106 3552 in
1125 3497 1214 3552 simili
1234 3497 1329 3560 b0n0;
1345 3495 1414 3552 inde

296 3577 425 3635 elevatio
439 3577 549 3633 mentis
563 3593 667 3633 eorum
681 3577 719 3632 ed
739 3577 888 3641 interiora,
901 3587 933 3633 et
951 3587 1168 3649 consequenter
1183 3577 1240 3632 illis
1255 3575 1414 3648 sapientie:

294 3659 415 3714 aliunde
427 3658 507 3714 enim
520 3657 667 3729 sapientia
678 3673 739 3713 non
750 3657 853 3712 venire
867 3667 968 3729 potest
979 3674 1070 3728 quam
1085 3674 1102 3714 e
1117 3657 1208 3721 caelo,
1222 3657 1281 3712 hoc
1295 3666 1349 3720 eet,
1362 3671 1415 3727 per

296 3739 409 3795 eaelum
422 3755 441 3794 s
453 3737 600 3802 Domin0;
618 3754 654 3794 ac
668 3738 698 3794 in
713 3738 797 3794 caelo
811 3748 858 3794 est
871 3739 1026 3810 sapientia,
1038 3739 1110 3810 quia
1124 3739 1164 3793 ibi
1183 3739 1213 3792 in
1228 3740 1311 3793 bono
1328 3747 1415 3792 sunt:

293 3819 438 3890 sapientia
445 3829 491 3876 est
498 3819 600 3875 videre
607 3819 831 3874 verumexluce
840 3819 911 3883 veri,
919 3829 950 3874 et
959 3819 1011 3874 lux
1018 3819 1081 3874 veri
1091 3829 1137 3874 est
1146 3820 1197 3874 lux
1206 3834 1283 3890 quae
1293 3818 1323 3873 in
1331 3817 1415 3878 eaelo

291 3909 346 3955 est.
378 3897 438 3955 Sed
454 3900 599 3972 sapientia
609 3899 659 3954 iila
668 3899 792 3969 antiqua
800 3915 939 3955 successu
947 3900 1093 3970 temporis
1102 3899 1250 3964 decrevit:
1268 3907 1413 3970 quantum

294 3979 372 4035 enim
391 3995 487 4053 genus
508 3980 671 4035 humanum
686 3996 705 4035 s
719 3979 800 4035 bono
818 3980 928 4036 amoris
941 3980 971 4035 in
988 3979 1159 4044 Dominum,
1173 3991 1204 4035 et
1217 3979 1328 4036 umoris
1345 3994 1416 4050 erge

295 4061 471 4130 proximum,
490 4059 542 4132 qui
560 4075 646 4116 amor
659 4069 786 4116 vocetur
799 4059 936 4124 charites.
952 4077 984 4116 se
1004 4061 1139 4124 removit,
1152 4069 1269 4115 tantum
1288 4059 1378 4116 etiam
1398 4075 1416 4114 n

294 4139 447 4211 supientia,
461 4139 532 4212 quia
542 4149 661 4196 tantum
674 4157 707 4196 se
720 4141 848 4196 removit
866 4156 884 4196 e
902 4141 1001 4196 caelo:
1020 4141 1090 4196 inde
1106 4151 1153 4196 est
1173 4141 1255 4212 quod
1270 4140 1363 4196 homo
1378 4139 1416 4194 ab

295 4220 413 4276 interno
427 4219 526 4277 iatius
543 4219 584 4276 sit
598 4231 747 4284 externus.
761 4231 792 4276 et
807 4221 865 4276 hoc
879 4222 1059 4286 successive:
1078 4231 1191 4277 etcum
1210 4221 1303 4278 homo
1321 4219 1416 4276 iatius

294 4311 341 4356 est
352 4311 501 4364 externus,
514 4301 605 4357 etism
619 4299 715 4356 iatius
728 4311 774 4356 est
787 4301 957 4357 mundanus
971 4313 1002 4358 et
1017 4317 1193 4373 corporeus:
1211 4311 1243 4356 et
1260 4318 1329 4356 cum
1347 4301 1415 4356 telis

294 4389 347 4447 est.
362 4397 466 4452 parum
485 4391 571 4437 curat
588 4397 664 4453 quae
679 4381 752 4437 caeli
770 4393 849 4444 sunt,
865 4397 934 4436 nem
956 4392 1030 4437 tunc
1047 4391 1196 4454 occupant
1212 4381 1295 4436 ilium
1316 4391 1415 4437 totum

295 4461 426 4533 jucunda
446 4477 582 4516 amorum
608 4461 801 4526 terrestrium,
816 4471 848 4517 et
869 4477 937 4518 cum
962 4462 1019 4518 illis
1044 4463 1129 4526 mula,
1144 4479 1221 4534 quae
1242 4461 1356 4517 homini
1378 4477 1415 4518 ex

297 4541 448 4598 amoribus
470 4541 528 4596 illis
545 4541 678 4612 jucunde
692 4551 778 4597 sunt:
801 4551 832 4598 et
850 4551 924 4598 tunc
942 4541 992 4598 illa
1011 4557 1088 4614 quse
1107 4542 1192 4598 audit
1212 4541 1326 4598 devita
1346 4553 1414 4613 post

297 4631 432 4686 mortem.
446 4621 484 4679 de
496 4621 580 4678 caelo
591 4631 623 4678 et
636 4621 759 4685 interno,
768 4623 861 4678 verbo
873 4623 911 4679 de
923 4621 1133 4694 spiritualibus.
1146 4631 1217 4680 sunt
1228 4621 1312 4694 quasi
1331 4630 1415 4679 extre
