3352 5298
281 703 322 786 36
597 719 649 770 nn
671 717 777 770 nova
800 677 1075 770 urunosonuun

338 901 412 968 39·
445 885 561 948 Homo
580 884 673 966 cujus
690 885 864 948 internum
882 893 936 948 est
954 885 986 947 in
1007 883 1082 949 luce
1104 883 1202 959 caeli,
1222 893 1258 948 et
1280 893 1399 970 exter·

281 997 361 1040 num
381 979 414 1040 in
434 977 508 1040 luce
528 979 654 1051 mundi,
668 976 725 1040 ille
741 987 777 1040 et
794 977 1016 1060 spiritualiter
1032 987 1067 1040 et
1085 976 1289 1040 naturaliter
1305 977 1399 1058 cogi·

279 1081 352 1149 tat;
376 1071 436 1134 sed
454 1081 534 1134 tunc
552 1071 733 1152 spiritualis
750 1070 820 1152 ejus
838 1071 1008 1152 cogitatio
1020 1069 1128 1133 inlluit
1145 1071 1178 1132 in
1195 1069 1399 1144 naturalem,

279 1185 319 1229 ac
347 1166 529 1247 percipitur
551 1167 616 1228 ibi:
650 1175 686 1228 at
709 1165 813 1228 homo
836 1165 929 1246 cujus
953 1165 1124 1228 internum
1148 1183 1225 1228 cum
1251 1173 1400 1229 externo

280 1270 332 1324 est
352 1261 385 1322 in
405 1259 480 1322 luce
503 1261 629 1334 mundi,
648 1279 716 1322 non
739 1259 960 1342 spiritualiter
978 1260 1037 1322 sed
1062 1258 1285 1322 materialiter
1303 1259 1399 1340 cogi-

280 1365 353 1432 tat;
377 1355 509 1436 cogitat
530 1356 620 1417 enim
639 1375 683 1417 ex
707 1354 833 1417 talibus
857 1355 999 1436 quaein
1023 1354 1139 1416 mundi
1163 1361 1285 1417 natura
1308 1363 1399 1424 sunt,

280 1469 366 1532 quae
395 1449 508 1511 omnia
538 1459 616 1510 sunt
648 1448 846 1511 materialia.
905 1447 1134 1531 Spiritualiter
1163 1448 1317 1529 cogitare
1346 1455 1400 1509 est

280 1543 432 1624 cogitare
455 1543 546 1624 ipsas
565 1563 617 1604 res
636 1543 670 1604 in
689 1563 735 1615 se,
750 1542 865 1605 videre
881 1563 962 1605 vera
979 1563 1024 1605 ex
1045 1541 1119 1604 luce
1135 1541 1216 1616 veri,
1231 1551 1267 1604 et
1290 1539 1400 1623 perci-

281 1657 360 1718 pere
376 1637 467 1699 bona
489 1657 533 1699 ex
553 1655 669 1699 amore
687 1637 778 1711 boni,
799 1647 872 1700 tum
891 1637 1007 1700 videre
1025 1636 1211 1720 qualitates
1230 1653 1343 1698 rerum
1362 1642 1400 1698 et

281 1731 454 1812 percipere
474 1729 606 1792 illarum
626 1727 821 1793 affectiones
839 1727 1012 1794 abstracte
1036 1750 1056 1792 a
1080 1730 1243 1808 materia;
1268 1737 1304 1792 at
1327 1747 1401 1790 ma·

281 1823 447 1887 terialiter
457 1826 609 1904 cogitare
626 1833 679 1886 est
697 1825 862 1905 cogitare,
878 1823 1004 1899 videre,
1018 1834 1054 1888 et
1071 1825 1243 1907 percipere
1260 1823 1319 1886 illa
1334 1841 1402 1885 una

281 1937 357 1981 cum
371 1919 525 1991 materia,
540 1929 574 1980 et
592 1919 625 1980 in
639 1919 792 1991 materia,
806 1917 855 1980 ita
867 1915 1055 2000 respective
1072 1937 1185 1981 crasse
1198 1926 1233 1982 et
1247 1915 1401 1982 obscure.

340 2009 415 2096 4'0.
447 2013 609 2076 Internus
637 2012 824 2094 spiritualis
856 2013 973 2093 homo,
993 2015 1027 2076 in
1058 2033 1096 2077 se
1127 2013 1315 2096 spectatus,
1346 2021 1401 2075 est

280 2105 423 2187 angelus
451 2105 558 2182 caeli;
591 2116 626 2168 et
657 2125 801 2188 quoque,
826 2104 906 2167 dum
933 2105 1017 2168 vivit
1044 2107 1077 2168 in
1105 2125 1259 2188 corpore,
1284 2101 1338 2168 est
1366 2106 1400 2169 in

281 2203 449 2264 societate
465 2219 541 2263 cum
557 2199 700 2281 angelis,
712 2201 851 2262 tametsi
869 2199 903 2262 id
924 2209 1005 2264 tunc
1022 2201 1142 2276 nescit,
1156 2211 1192 2265 et
1209 2209 1288 2282 post
1307 2199 1401 2263 solu-

281 2297 411 2359 tionem
427 2315 448 2357 a
464 2315 606 2377 corpore
622 2296 711 2357 inter
726 2292 870 2375 angelos
883 2295 988 2357 venit.
1031 2293 1147 2357 Homo
1163 2304 1279 2358 autem
1295 2295 1402 2359 inter·

281 2409 344 2452 nus
367 2407 459 2453 mere
483 2387 657 2464 naturalis,
682 2391 715 2450 in
739 2409 776 2452 se
803 2385 989 2470 spectatus,
1013 2397 1067 2451 est
1098 2389 1235 2470 spiritus
1264 2397 1300 2452 et
1333 2409 1402 2452 non

281 2483 424 2566 angelus
437 2505 444 2561 ;
469 2493 505 2546 et
523 2502 667 2566 quoque,
681 2483 761 2544 dum
774 2483 858 2545 vivit
874 2483 908 2544 in
927 2500 1080 2564 corpore,
1094 2483 1127 2545 in
1144 2483 1311 2546 societate
1325 2501 1402 2546 cum

281 2578 454 2661 spiritibus
473 2586 537 2652 est,
555 2577 615 2639 sed
631 2595 708 2638 cum
727 2575 793 2638 illis
809 2577 865 2658 qui
881 2577 914 2639 in
930 2575 1061 2640 inferno
1077 2586 1177 2656 sunt;
1201 2577 1305 2640 etiam
1322 2585 1402 2658 post

281 2673 487 2736 solutionem
507 2693 527 2734 a
544 2691 685 2753 corpore
705 2670 887 2734 interillos
906 2671 1011 2734 venit.

340 2783 408 2851 41.
437 2768 607 2831 Interiora
629 2767 720 2848 apud
743 2765 821 2829 illos
837 2766 893 2848 qui
911 2767 1108 2850 spirituales
1127 2767 1286 2830 homines
1308 2775 1401 2841 sunt,

282 2862 386 2924 etiam
402 2858 582 2924 actualiter
597 2857 733 2923 elevata
751 2869 830 2922 sunt
847 2879 963 2922 versus
979 2861 1123 2935 caelum,
1138 2858 1296 2942 spectant
1312 2860 1402 2924 enim

282 2954 365 3018 illud
379 2955 556 3037 primario:
581 2955 743 3017 interiora
755 2963 872 3017 autem
885 2974 971 3036 quae
984 2956 1110 3018 mentis
1123 2965 1203 3018 sunt
1216 2955 1304 3036 apud
1324 2953 1403 3017 illos

282 3049 337 3131 qui
356 3067 448 3112 mere
465 3047 638 3111 naturales
654 3057 744 3123 sunt,
757 3045 936 3111 actualiter
957 3069 1055 3112 versa
1071 3058 1150 3112 sunt
1167 3047 1210 3112 ad
1227 3048 1401 3123 mundum,

282 3143 359 3224 quia
375 3139 533 3224 spectant
553 3141 648 3205 illum
665 3143 833 3224 primario.
880 3141 1048 3206 Interiora
1065 3163 1151 3225 quae
1168 3143 1294 3206 mentis
1310 3151 1401 3218 sunt,

282 3237 372 3317 apud
399 3238 656 3320 unumquemvis
683 3257 780 3300 versa
807 3245 886 3300 sunt
913 3237 957 3300 ad
987 3237 1021 3300 id
1048 3238 1138 3320 quod
1165 3257 1267 3320 super
1288 3238 1404 3300 omnia

282 3339 399 3410 amat;
427 3341 462 3396 et
486 3333 659 3396 exteriora
682 3353 768 3415 quae
791 3332 895 3395 animi
918 3337 1008 3409 sunt,
1026 3341 1205 3397 vertuntur
1223 3353 1290 3415 quo
1312 3333 1403 3396 inte·

283 3443 379 3488 nora.

341 3531 409 3600 μ.
435 3517 501 3600 Qui
517 3517 622 3582 modo
637 3537 855 3582 communem
872 3519 985 3582 ideam
997 3519 1040 3582 de
1056 3519 1193 3583 interno
1205 3529 1241 3583 et
1253 3529 1403 3584 externo

282 3610 420 3674 homine
439 3611 579 3686 habent,
597 3613 742 3675 credunt
761 3612 852 3695 quod
872 3613 1026 3675 internus
1044 3611 1150 3676 homo
1168 3613 1212 3676 sit
1232 3614 1288 3696 qui
1307 3613 1403 3694 cogi·

282 3715 336 3770 tat
356 3715 391 3770 et
410 3707 465 3788 qui
482 3705 567 3780 vult,
585 3715 621 3769 et
637 3715 801 3770 externus
825 3707 880 3788 qui
904 3706 1053 3788 loquitur
1071 3716 1107 3771 et
1126 3707 1182 3789 qui
1205 3706 1297 3782 facit,
1318 3726 1403 3789 quo·

283 3801 373 3864 niam
392 3801 544 3882 cogitare
560 3809 596 3863 et
612 3799 702 3864 velle
719 3809 772 3864 est
789 3801 971 3875 internum,
985 3809 1021 3864 et
1040 3801 1118 3865 inde
1134 3801 1226 3884 loqui
1242 3811 1278 3865 et
1292 3801 1403 3864 iacere

282 3903 336 3958 est
355 3903 546 3958 externum.
592 3893 660 3958 Sed
677 3895 853 3958 sciendum
873 3895 1035 3977 estquod
1055 3915 1130 3958 cum
1150 3895 1256 3958 homo
1275 3894 1403 3959 intelli·

282 3999 405 4072 genter
427 3991 561 4072 cogitat
581 3999 616 4052 et
640 3991 814 4071 sapienter
830 3989 917 4064 vult,
937 3999 1019 4053 tunc
1043 3991 1176 4072 cogitet
1200 3999 1235 4054 et
1252 3989 1336 4054 velit
1360 3989 1404 4054 ab

282 4086 417 4148 interno
436 4083 624 4166 spirituali;
649 4093 685 4146 at
706 4103 783 4147 cum
803 4083 908 4146 homo
928 4102 996 4147 non
1015 4083 1251 4166 intelligenter
1269 4086 1404 4166 cogitat

282 4189 318 4244 et
334 4179 505 4261 sapienter
517 4177 602 4252 vult,
616 4179 748 4259 cogitet
765 4187 800 4241 et
817 4177 901 4241 velit
920 4179 964 4242 ab
979 4179 1114 4242 interno
1130 4178 1295 4242 naturali:
1320 4199 1403 4242 con-

283 4283 465 4357 sequenter
480 4292 555 4336 eum
575 4273 680 4336 homo
698 4273 787 4348 bene
805 4271 849 4335 de
864 4272 1015 4336 Domino
1032 4283 1067 4336 et
1086 4273 1129 4337 de
1145 4271 1211 4336 illis
1228 4293 1314 4356 quae
1331 4273 1403 4336 Do-

283 4369 363 4431 mini
380 4377 469 4441 sunt,
484 4375 519 4431 et
536 4385 611 4430 cum
625 4366 713 4430 bene
729 4367 773 4430 de
789 4367 947 4448 proximo
963 4385 1003 4430 ac
1020 4367 1063 4430 de
1078 4366 1144 4430 illis
1157 4387 1243 4450 quae
1256 4367 1404 4449 proximi

286 4471 376 4538 sunt,
400 4463 533 4543 cogitat
557 4471 593 4524 et
617 4459 683 4523 illis
706 4461 793 4524 bene
816 4460 901 4537 vult,
926 4471 1007 4525 tunc
1031 4463 1164 4544 cogitat
1191 4471 1227 4526 et
1257 4463 1330 4526 vult
1360 4463 1404 4526 ab

286 4557 422 4619 interno
434 4555 609 4638 spirituali,
623 4555 701 4638 quia
716 4565 798 4620 tunc
815 4555 948 4638 cogitat
960 4575 1005 4619 ex
1021 4554 1087 4620 lide
1098 4557 1168 4620 veri
1181 4567 1216 4620 et
1229 4577 1274 4620 ex
1287 4577 1404 4622 amore

282 4650 374 4728 boni,
394 4651 442 4715 ita
465 4671 510 4714 ex
533 4649 648 4714 caelo:
673 4661 710 4715 at
733 4669 810 4715 cum
832 4649 939 4716 homo
957 4649 1046 4716 male
1065 4651 1109 4716 de
1126 4649 1193 4715 illis
1212 4652 1346 4734 cogitat
1365 4660 1402 4718 et
