3282 5294
293 658 333 726 30
699 653 750 705 us
771 651 1002 705 cunmmrs.

292 827 401 891 addici
423 826 550 890 homini
573 834 609 890 ut
625 823 705 907 ejus,
722 833 775 888 est
791 823 880 888 enim
895 822 1000 887 homo
1015 820 1128 886 finitus
1144 831 1180 886 et
1195 831 1248 886 est
1264 829 1409 896 creatus,

292 932 327 985 et
350 940 419 984 non
442 929 557 1002 potest
580 919 746 984 Dominus
762 939 874 984 creare
890 929 925 983 et
941 919 1033 983 finire
1050 918 1093 984 Se
1109 920 1142 983 in
1158 917 1244 996 alio;
1268 919 1315 981 sic
1332 916 1409 997 lpse

292 1035 360 1078 non
377 1015 464 1079 foret
479 1013 632 1096 amplius,
648 1023 684 1078 et
707 1015 754 1078 sic
777 1014 966 1077 universum
989 1033 1095 1094 genus
1118 1013 1301 1076 humanum
1323 1010 1410 1074 soret

292 1109 396 1182 Deus,
412 1119 447 1173 et
463 1109 687 1191 unusquisque
704 1127 763 1188 per
778 1128 835 1186 se;
858 1107 949 1189 quod
972 1107 1122 1189 cogitare
1140 1124 1208 1169 non
1231 1104 1335 1170 modo
1356 1113 1410 1167 est

292 1201 484 1267 irrationale
500 1203 560 1266 sed
575 1203 678 1266 etiam
694 1200 918 1264 abominabile
931 1222 938 1278 ;
961 1200 1040 1264 talis
1055 1200 1130 1264 idea
1145 1201 1188 1264 de
1203 1199 1280 1263 Deo
1295 1208 1331 1263 et
1350 1198 1411 1262 ho·

286 1298 381 1361 mine
397 1298 431 1360 in
447 1297 573 1360 mundo
588 1293 750 1377 spirituali
772 1303 870 1376 putet
885 1295 972 1357 sicut
988 1294 1141 1358 cadaver.
1186 1292 1243 1357 Ex
1259 1293 1311 1357 his
1326 1312 1409 1357 con·

292 1401 383 1455 stare
398 1399 524 1472 potest,
541 1389 631 1474 quod
654 1409 722 1452 non
745 1387 881 1471 aliquod
903 1388 1039 1463 bonum,
1056 1388 1147 1470 quod
1169 1388 1203 1451 in
1225 1386 1262 1450 s'e
1285 1389 1411 1452 bonum

292 1493 358 1556 est,
374 1493 410 1548 et
426 1493 566 1547 vocatur
581 1484 706 1546 bonum
723 1481 907 1558 charitatis,
924 1483 1031 1563 possit
1047 1482 1118 1544 dari
1132 1481 1176 1544 ab
1198 1481 1334 1545 homine
1350 1480 1412 1544 sed

292 1599 312 1642 a
335 1578 494 1652 Domino,
512 1577 579 1658 Qui
602 1578 698 1642 unice
720 1586 773 1640 est
797 1575 912 1657 Ipsum
936 1574 1078 1650 Bonum,
1094 1577 1142 1639 ita
1156 1577 1191 1638 in
1207 1573 1250 1639 Se
1266 1574 1408 1638 Bonum.

296 1672 374 1737 Hoc
396 1671 562 1736 Dominus
584 1670 718 1753 quidem
742 1669 897 1751 producit
918 1689 965 1732 ex
987 1667 1042 1744 Se,
1065 1669 1126 1732 sed
1149 1687 1208 1750 per
1227 1669 1409 1733 hominem.

295 1766 373 1830 Non
389 1765 489 1829 datur
503 1764 592 1828 aliud
615 1761 801 1845 subjeetum
822 1783 881 1844 per
896 1762 987 1845 quod
1009 1762 1174 1826 Dominus
1196 1783 1242 1826 ex
1265 1761 1309 1826 Se
1333 1782 1410 1843 pro·

293 1860 397 1924 ducat
412 1860 538 1922 bonum
555 1877 655 1940 quam
676 1857 789 1922 homo.
834 1855 901 1922 Sed
923 1877 1027 1940 usque
1043 1857 1138 1920 dedit
1160 1856 1326 1920 Dominus
1348 1856 1410 1920 ho·

293 1955 373 2016 mini
388 1952 584 2018 facultatem
597 1951 764 2016 sentiendi
779 1951 813 2014 id
828 1951 917 2031 apud
933 1971 979 2026 se,
992 1951 1061 2015 imo
1072 1951 1159 2014 sicut
1174 1971 1195 2014 a
1209 1971 1257 2026 se,
1270 1950 1410 2032 proinde
1487 2013 1492 2023 ,

294 2049 378 2111 sicut
395 2065 501 2118 suum,
518 2055 655 2127 propter
670 2065 805 2109 causam
821 2054 858 2108 ut
875 2045 975 2108 iaciat
998 2044 1100 2122 illud;
1123 2047 1246 2108 namsi
1268 2045 1410 2108 sentiret

293 2141 383 2220 quod
408 2159 476 2204 non
499 2161 519 2203 a
543 2160 578 2202 se
602 2139 659 2203 sed
684 2159 704 2202 a
726 2138 885 2214 Domino,
909 2159 977 2202 non
1000 2138 1125 2202 iaceret
1147 2138 1241 2214 illud,
1257 2139 1411 2202 crederet

292 2237 382 2298 enim
400 2253 436 2296 se
450 2243 530 2296 tunc
547 2253 615 2296 non
630 2232 812 2308 hominem,
829 2233 897 2296 imo
919 2252 982 2296 nec
998 2233 1122 2308 vivum,
1138 2241 1174 2296 et
1196 2233 1337 2296 tandem
1351 2234 1409 2296 vix

294 2325 392 2390 aliter
406 2346 506 2408 quam
523 2327 609 2390 sicut
624 2335 844 2404 automaton;
867 2335 903 2390 et
925 2327 969 2390 ab
990 2327 1201 2408 experientia
1223 2327 1303 2402 scio,
1320 2327 1410 2409 quod

294 2421 396 2483 homo
413 2422 524 2502 potius
536 2419 640 2485 vellet
656 2422 750 2496 mori,
764 2439 864 2502 quam
876 2421 988 2484 vivere
1004 2441 1049 2484 ex
1064 2419 1131 2483 alio
1146 2421 1178 2483 in
1195 2441 1231 2484 se
1246 2441 1351 2503 usque
1366 2421 1410 2486 ad

292 2535 448 2590 sensum;
471 2516 539 2578 imo
555 2516 615 2578 nisi
639 2515 741 2578 homo
757 2515 898 2578 sentiret
920 2515 1047 2579 bonum
1063 2514 1154 2596 quod
1176 2514 1266 2590 facit,
1282 2517 1368 2579 sicut
1390 2536 1410 2579 a

293 2629 340 2682 se,
358 2628 419 2672 nec
435 2609 561 2672 bonum
577 2618 766 2672 remaneret
781 2608 870 2690 apud
891 2607 995 2684 illum,
1012 2608 1072 2672 sed
1094 2608 1307 2673 transflueret
1322 2610 1409 2674 sicut

292 2722 379 2784 aqua
401 2721 460 2784 per
482 2712 591 2766 utrem
614 2702 828 2784 perforatum,
852 2711 887 2766 et
910 2703 958 2766 sic
981 2722 1043 2766 nec
1067 2713 1182 2784 posset
1206 2703 1341 2767 formari
1366 2703 1409 2766 ad

293 2795 436 2872 coelum,
453 2796 517 2860 hoc
534 2805 598 2870 est,
615 2797 785 2861 reformari
805 2805 841 2860 et
863 2797 1063 2878 regenerari,
1079 2805 1115 2860 et
1131 2797 1178 2860 sic
1194 2795 1344 2862 salvatus
1358 2799 1407 2861 vi·

291 2909 371 2952 vere
386 2891 419 2952 in
435 2899 619 2954 aeternum.
650 2888 718 2954 Sed
734 2910 777 2954 ne
792 2891 905 2966 homo,
916 2911 961 2954 ex
977 2890 1034 2954 illa
1049 2891 1255 2972 apparentia,
1266 2892 1408 2956 attribu-

291 2993 363 3046 eret
379 2984 441 3047 sibi
464 2984 600 3059 bonum,
617 3005 676 3048 seu
692 2984 893 3048 charitatem
908 3003 1009 3066 quam
1024 2983 1104 3047 iacit
1120 2985 1286 3065 proximo,
1303 2995 1339 3050 et
1361 2985 1407 3049 sic

291 3078 522 3158 appropriaret
535 3077 596 3140 sibi
609 3077 744 3153 malum,
756 3077 832 3142 loco
844 3079 934 3151 boni,
945 3077 1115 3142 credendo
1127 3099 1163 3142 se
1175 3079 1287 3142 vivere
1299 3100 1345 3144 ex
1361 3099 1407 3154 se,

291 3171 392 3234 etsie
415 3170 523 3234 lacere
539 3171 664 3234 bonum
687 3192 731 3235 ex
755 3192 801 3246 se,
818 3192 857 3236 ac
880 3173 942 3234 sibi
964 3172 1136 3236 addiceret
1159 3171 1249 3255 quod
1273 3171 1407 3236 Domini

291 3273 356 3338 est,
373 3263 499 3345 placuit
522 3264 670 3329 Domino
686 3265 834 3330 revelare
850 3266 883 3328 id
903 3267 937 3328 in
953 3263 1022 3330 Suo
1038 3264 1153 3329 Verbo
1169 3275 1204 3330 et
1216 3266 1338 3330 docere
1353 3267 1407 3344 id;

291 3357 374 3422 dicit
389 3359 478 3421 enim
495 3358 670 3435 Dominus,
689 3357 756 3437 Qui
769 3369 878 3424 mam
891 3359 927 3422 in
941 3359 1007 3435 Me,
1023 3369 1055 3422 et
1074 3357 1149 3440 Ego
1165 3359 1202 3424 in
1216 3359 1286 3436 illo,
1302 3360 1335 3425 is
1343 3361 1405 3442 fa-

291 3451 337 3513 cit
349 3451 488 3530 fruHus
503 3453 623 3516 multos
630 3475 647 3528 ,·
669 3473 747 3517 nam
768 3454 841 3518 sine
860 3453 926 3530 Me,
943 3473 1006 3516 non
1023 3454 1167 3536 potestis
1179 3453 1296 3534 facere
1316 3455 1406 3538 quic·

291 3565 391 3628 quam
408 3541 626 3627 (Jot.,1¹1xv.,
649 3558 678 3624 5,
697 3555 733 3608 et
752 3545 860 3630 alibi).

291 3715 318 3766 2.
344 3713 416 3772 tuor
424 3730 499 3770 nemo
507 3715 595 3783 pouit
604 3713 699 3768 lutere
710 3715 862 3770 charitatem
873 3731 890 3770 u
902 3715 1006 3769 Domino
1017 3715 1070 3770 nisi
1080 3717 1164 3785 fugiat
1173 3719 1241 3770 molo
1253 3721 1285 3770 ut
1291 3721 1406 3786 peceato.

356 3832 418 3897 Per
443 3833 644 3897 charitatem
670 3831 871 3914 intelligitur
896 3833 949 3898 hic
976 3843 1013 3897 ut
1040 3853 1141 3915 supra
1166 3833 1292 3898 bonum
1318 3834 1408 3918 quod

291 3927 395 3990 homo
410 3927 489 3991 iacit
512 3927 678 4008 proximo.
724 3925 856 3990 Bonum
872 3925 981 3991 iacere
1005 3929 1162 4009 proximo
1177 3937 1292 4009 potest
1308 3949 1408 3993 unus·

292 4021 441 4103 quisque,
458 4031 529 4086 tam
545 4019 653 4084 malus
669 4039 769 4103 quam
786 4021 894 4084 bonus
909 4042 917 4099 ;
940 4021 1000 4086 sed
1022 4022 1131 4086 iacere
1147 4021 1228 4085 illud
1250 4043 1296 4086 ex
1319 4023 1409 4087 bono

292 4115 382 4196 apud
406 4135 453 4190 se,
476 4135 544 4179 non
569 4123 684 4197 potest
706 4114 825 4197 aliquis
847 4115 909 4178 nisi
931 4135 952 4178 a
974 4114 1133 4189 Domino,
1157 4125 1192 4180 et
1215 4117 1278 4180 nisi
1303 4116 1408 4199 fugiat

293 4207 382 4274 mala
397 4218 434 4274 ut
449 4219 601 4290 peccata.
639 4207 740 4290 Quod
755 4227 857 4272 nemo
872 4209 978 4290 possit
994 4209 1102 4273 iacere
1115 4209 1241 4273 bonum
1254 4212 1409 4291 proximo

291 4323 336 4366 ex
353 4303 444 4366 bono
458 4303 547 4384 apud
570 4323 606 4366 se
630 4303 691 4366 nisi
713 4323 734 4366 a
756 4302 915 4378 Domino,
932 4321 1014 4366 mox
1031 4321 1129 4384 supra
1145 4311 1320 4368 ostensum
1335 4315 1408 4384 est;

292 4397 382 4478 quod
397 4407 512 4460 autem
524 4417 625 4460 nemo
637 4398 743 4478 possit
756 4397 818 4460 nisi
833 4396 938 4478 fugiat
953 4395 1043 4460 mala
1054 4406 1091 4460 ut
1103 4407 1255 4478 peccata,
1268 4407 1321 4462 est
1333 4400 1410 4482 quia

294 4490 459 4554 Dominus
475 4511 542 4554 non
559 4500 674 4573 potest
690 4489 826 4554 influere
848 4491 882 4553 in
902 4489 1045 4572 aliquem
1062 4509 1138 4557 cum
1154 4491 1255 4566 bono,
1273 4501 1309 4555 ut
1322 4492 1407 4560 Νη·

295 4584 451 4666 cipiatur,
471 4585 533 4648 nisi
549 4593 680 4648 remota
696 4593 773 4649 sunt
796 4583 886 4648 mala
901 4583 989 4666 apud
1013 4583 1117 4660 illum,
1131 4583 1219 4648 mala
1234 4585 1324 4649 enim
1340 4605 1409 4652 non
