3282 5294
635 669 685 720 DE
707 669 936 723 CHARITATE.

228 835 329 922 Quod
346 837 498 904 Puruun
513 839 650 916 attinet,

144 1015 146 1020 ·
229 993 281 1064 [1.]
309 995 380 1052 duod
388 1011 462 1048 nemo
471 995 558 1064 possit
567 996 664 1050 holere
675 996 827 1050 choriiulsm
839 996 918 1051 nitio
930 997 1051 1051 domiuo:

292 1132 358 1198 Hic
374 1141 411 1196 ut
427 1133 461 1196 in
477 1134 695 1216 sequentibus
710 1133 820 1197 solum
836 1135 1048 1199 nominamus
1063 1135 1257 1213 Dominum,
1274 1137 1351 1220 quia

228 1227 394 1292 Dominus
409 1236 462 1290 est
484 1224 583 1290 Solus
604 1227 716 1306 Deus;
739 1237 793 1292 est
808 1228 897 1292 enim
915 1227 1007 1293 Deus
1023 1228 1109 1294 coeli
1124 1239 1160 1294 et
1176 1239 1296 1308 terrae,
1313 1241 1351 1296 ut

228 1321 305 1403 lpse
319 1322 441 1386 docet:
456 1368 1348 1390 ...........................................

225 1425 278 1480 est
302 1415 380 1497 lpse
402 1424 438 1480 et
461 1415 562 1480 Pater
579 1434 692 1491 unum,
709 1415 795 1480 sicut
818 1415 930 1479 anima
951 1425 986 1480 et
1010 1435 1141 1498 corpus,
1158 1426 1195 1482 ut
1217 1437 1351 1501 quoque

228 1509 305 1592 Ipse
321 1511 442 1574 docet:
457 1555 1350 1578 ...........................................

226 1614 280 1668 est
296 1604 374 1686 Ipse
390 1613 425 1668 et
448 1601 591 1685 Spiritus
614 1601 758 1668 Sanctus
773 1605 874 1679 idem,
891 1605 977 1668 sicut
994 1604 1153 1668 Divinum
1169 1606 1203 1668 in
1219 1606 1300 1688 Ipso
1315 1617 1351 1672 et

229 1697 389 1762 Divinum
404 1697 447 1761 ab
463 1697 563 1779 Ipso;
586 1699 634 1760 ita
645 1705 702 1764 ,est
719 1697 796 1778 Ipse
817 1696 917 1762 Solus
932 1708 967 1762 et
984 1698 1082 1763 Unus
1105 1698 1208 1776 Deus,
1225 1721 1264 1764 ac
1289 1700 1350 1766 Di·

227 1795 305 1857 vina
320 1792 469 1856 Trinitas
484 1800 537 1854 est
553 1791 587 1854 in
604 1791 713 1872 Ipsius
729 1791 886 1868 Persona,
903 1802 938 1856 et
955 1794 1147 1857 nominatur
1163 1793 1272 1869 Pater,
1290 1794 1347 1859 Fi·

226 1887 288 1951 lius
314 1897 350 1950 et
373 1884 516 1967 Spiritus
539 1883 692 1949 Sandius.
738 1885 836 1949 Nunc
860 1887 937 1969 quia
958 1887 1113 1950 universa
1135 1887 1292 1952 Ecclesia
1314 1899 1350 1954 et

227 1983 337 2046 omnis
359 1980 477 2062 religio
499 1979 658 2042 fundatur
679 1998 780 2060 super
801 1979 877 2043 idea
899 1981 976 2055 mei,
992 1990 1028 2044 et
1051 2001 1151 2062 super
1166 1981 1241 2046 idea
1258 1983 1349 2065 quod

226 2075 321 2140 Deus
337 2095 422 2138 unus
437 2075 492 2149 sit,
508 2083 543 2137 et
564 2073 648 2137 haec
664 2073 740 2137 idea
755 2075 977 2156 nequicquam
1001 2075 1101 2139 datur
1116 2077 1178 2138 nisi
1195 2075 1288 2140 Deus
1303 2077 1347 2142 sit

226 2189 310 2234 unus
324 2169 484 2232 Essentia
495 2175 530 2232 et
547 2167 704 2243 Persona,
717 2177 753 2232 et
768 2167 852 2231 haec
865 2169 977 2232 unitas
992 2170 1154 2233 trinitatis
1166 2179 1201 2233 et
1214 2171 1348 2236 trinitas

226 2264 366 2328 unitatis
378 2262 522 2326 daturin
535 2259 617 2324 Solo
629 2260 777 2325 Domino
791 2283 798 2340 ;
822 2262 898 2325 ideo
910 2262 963 2326 hic
977 2281 1064 2326 nunc
1081 2264 1114 2325 in
1127 2265 1300 2345 principio,
1313 2275 1349 2330 et

226 2368 347 2442 postea
362 2359 395 2420 in
412 2355 629 2439 sequentibus
645 2355 857 2418 nominamus
873 2355 982 2419 solum
995 2355 1188 2420 Dominum.
1224 2356 1347 2440 (Vide-

225 2465 301 2518 atur
312 2449 621 2533 insuperDoiirina
632 2449 747 2513 Novae
757 2449 1348 2533 HierosolymaedeDomt'no,aprin·

226 2547 314 2630 cipio
335 2545 380 2609 ad
402 2543 524 2622 linem3
548 2553 620 2607 tum
637 2541 814 2624 Sapientia
828 2543 992 2626 Angelica
1013 2545 1053 2608 de
1072 2543 1204 2608 Divina
1222 2545 1348 2611 Provi-

225 2641 349 2715 dentia,
365 2659 398 2702 n.
413 2637 481 2721 -.)
527 2635 629 2718 Quod
644 2656 746 2702 nemo
763 2639 870 2719 possit
893 2639 1017 2702 habere
1033 2638 1234 2703 charitatem
1249 2641 1312 2704 nisi
1327 2661 1349 2706 a

225 2735 384 2808 Domino,
408 2741 461 2796 est
484 2732 561 2814 quia
583 2751 643 2813 per
657 2731 859 2796 charitatem
881 2731 1083 2814 intelligitur
1097 2751 1198 2796 omne
1220 2733 1348 2798 bonurn

225 2830 316 2914 quod
338 2827 443 2892 homo
463 2825 543 2889 iacit
563 2825 655 2902 aliis;
679 2835 715 2888 et
737 2825 863 2889 bonum
879 2825 970 2908 quod
992 2826 1096 2890 homo
1110 2826 1190 2890 iacit
1205 2827 1279 2890 aliis
1294 2838 1348 2893 est

224 2923 359 3007 quidem
372 2919 575 2984 bonumillis
586 2919 705 3001 quibus
720 2917 769 2994 fit,
782 2920 843 2982 sed
859 2939 926 2984 non
942 2929 995 2984 est
1011 2920 1136 2983 bonum
1149 2921 1238 3003 apud
1253 2921 1347 2986 illum

226 3039 246 3082 a
262 3037 329 3100 quo
345 3013 393 3090 fit,
410 3015 473 3077 nisi
488 3015 532 3078 sit
550 3033 571 3076 a
589 3013 684 3092 Deo;
708 3033 808 3077 omne
824 3015 914 3076 enim
937 3013 1062 3077 bonum
1078 3015 1168 3096 quod
1191 3016 1225 3078 in
1241 3037 1277 3079 se
1292 3027 1346 3081 est

226 3113 365 3187 bonum,
381 3119 417 3172 et
433 3117 575 3171 vocatur
589 3107 715 3171 bonum
731 3107 917 3184 charitatis,
933 3118 969 3171 et
988 3109 1078 3190 quod
1100 3109 1133 3171 in
1157 3128 1217 3172 sua
1231 3129 1347 3174 essen-

225 3207 273 3270 tia
283 3215 337 3270 est
353 3203 479 3267 bonum
492 3199 674 3282 spirituale,
688 3221 755 3265 non
769 3211 884 3283 potest
897 3202 1060 3284 profluere
1072 3203 1115 3266 ab
1127 3203 1273 3279 homine,
1286 3205 1346 3268 sed

227 3321 246 3364 a
261 3299 336 3364 solo
352 3297 520 3372 Domin0;
543 3305 580 3358 ut
597 3295 686 3358 enim
702 3295 829 3358 bonurn
844 3297 1019 3360 charitatis
1035 3317 1094 3360 seu
1108 3297 1235 3360 bonum
1251 3299 1347 3379 spiri·

224 3393 316 3457 tuale
332 3393 387 3466 sit,
404 3389 570 3453 Dominus
585 3389 648 3452 erit
671 3389 704 3452 in
726 3387 833 3464 Bono,
850 3391 918 3454 imo
933 3391 996 3454 erit
1015 3389 1146 3454 Bonum
1161 3411 1169 3470 ;
1192 3393 1346 3473 procedit

224 3488 313 3552 enim
336 3485 380 3548 ab
403 3483 492 3564 Ipso,
515 3493 552 3546 et
575 3482 665 3564 quod
689 3483 841 3564 procedit
864 3484 908 3546 ab
929 3483 1052 3566 aliquo,
1076 3484 1141 3548 hoc
1164 3485 1268 3550 trahit
1291 3506 1345 3549 es·

226 3581 371 3644 sentiam
393 3577 437 3640 ab
459 3575 537 3654 illo;
568 3586 621 3639 est
644 3578 733 3640 enirn
756 3578 827 3658 ipse
850 3577 884 3641 in
906 3597 987 3656 su0;
1018 3579 1163 3660 quaresi
1186 3599 1254 3643 non
1273 3580 1345 3644 Do·

225 3672 334 3737 minus
359 3671 446 3736 soret
473 3669 604 3733 Bonum
628 3670 718 3752 quod
744 3669 847 3734 homo
873 3671 952 3736 iacit
982 3673 1149 3753 proximo,
1173 3693 1233 3736 seu
1255 3675 1346 3756 quod

225 3768 326 3842 idem,
350 3765 413 3829 nisi
436 3763 562 3828 bonum
585 3763 675 3847 quod
704 3763 808 3828 homo
829 3763 909 3828 lacit
932 3765 1089 3846 proximo
1118 3765 1203 3830 soret
1229 3787 1249 3831 a
1273 3767 1345 3832 Do·

224 3862 325 3935 mino,
345 3878 414 3922 non
436 3858 577 3922 haberet
601 3859 783 3922 essentiam
808 3859 888 3922 boni
912 3859 945 3922 in
969 3879 1016 3934 se,
1040 3859 1101 3922 sed
1127 3859 1268 3926 haberet
1291 3883 1345 3926 es·

225 3955 369 4019 sentiam
392 3951 491 4030 mali;
521 3952 624 4016 homo
646 3953 737 4015 enim
758 3951 845 4016 soret
867 3953 901 4015 in
924 3951 992 4028 illo,
1009 3962 1044 4017 et
1067 3953 1170 4018 homo
1193 3956 1226 4018 in
1249 3975 1287 4020 se
1308 3968 1345 4022 et

223 4069 284 4112 suo
307 4047 442 4130 proprio
464 4065 532 4110 non
559 4055 612 4109 est
642 4045 704 4108 nisi
726 4065 827 4128 quam
857 4045 1005 4125 malum3
1035 4047 1100 4111 hoc
1124 4047 1250 4113 malum
1280 4051 1346 4131 pri·

224 4161 315 4215 mum
338 4139 581 4204 removendum
596 4149 660 4215 est,
677 4149 714 4203 ut
737 4140 862 4203 bonum
881 4140 971 4222 quod
994 4141 1148 4222 procedit
1170 4143 1214 4205 ab
1236 4143 1345 4208 homi·

223 4255 265 4300 ne
288 4255 357 4300 non
380 4236 425 4298 sit
445 4235 600 4308 hominis,
617 4233 677 4296 sed
701 4233 859 4311 Domini;
882 4233 985 4298 homo
1001 4253 1069 4297 non
1092 4245 1145 4298 est
1161 4237 1224 4300 nisi
1244 4257 1344 4319 quam

223 4331 388 4412 recipiens
404 4328 496 4392 vitae
508 4349 516 4406 ;
540 4345 607 4390 non
624 4337 677 4391 est
693 4328 764 4391 vita
786 4329 819 4390 in
842 4347 889 4401 se,
907 4347 985 4390 nam
1008 4329 1035 4390 si
1058 4328 1143 4393 foret
1159 4331 1229 4394 vita
1251 4333 1285 4394 in
1307 4351 1344 4396 se

222 4423 309 4488 foret
327 4423 420 4487 Deus
434 4443 442 4499 ;
465 4441 568 4504 quare
584 4421 687 4485 homo
703 4441 770 4484 non
787 4431 840 4484 est
856 4422 918 4484 nisi
933 4421 1097 4502 recipiens
1113 4423 1202 4498 boni,
1219 4423 1344 4490 bonum

223 4519 313 4581 enim
329 4527 382 4580 est
398 4517 499 4591 vitae,
516 4517 593 4597 quia
614 4534 710 4580 amor
725 4525 760 4579 et
783 4515 948 4596 sapientia
969 4525 1048 4579 sunt
1064 4517 1144 4592 vita,
1160 4527 1195 4580 et
1218 4517 1343 4583 bonum

223 4622 276 4676 est
298 4611 433 4686 amoris,
449 4629 488 4674 ac
505 4628 620 4673 verum
641 4618 694 4688 est
717 4609 921 4692 sapientiae;
944 4607 1028 4672 haec
1044 4609 1115 4673 vita
1137 4630 1205 4674 non
1227 4622 1344 4693 potest
