3338 5300
312 677 355 742 24
786 675 958 729 conoms.

311 869 331 910 a
357 846 508 910 mortuis.
553 843 730 927 Separatio
752 843 847 920 haec,
870 855 906 908 et
933 855 1013 909 tunc
1036 843 1183 910 elevatio
1205 845 1371 910 bonorum
1397 847 1428 909 in

309 941 440 1004 caelum
468 961 526 1004 seu
552 941 586 1003 in
609 950 734 1004 terram
757 941 952 1013 viventium,
976 959 1016 1004 ac
1039 937 1182 1021 dejedtio
1205 941 1370 1004 malorum
1396 943 1428 1004 in

310 1036 475 1099 infernum
497 1056 556 1098 seu
579 1035 611 1097 in
636 1044 761 1098 terram
784 1045 1003 1110 mortuorum,
1023 1045 1077 1098 est
1099 1055 1185 1117 quae
1207 1047 1351 1100 vocatur
1371 1035 1428 1118 Ju-

309 1131 442 1194 dicium.
488 1129 589 1210 Quod
608 1128 677 1192 tale
692 1129 851 1210 judicium
864 1128 1015 1210 jamdum
1035 1149 1125 1192 anno
1148 1144 1226 1210 1757
1241 1128 1367 1194 ladlum
1385 1133 1427 1194 sit

310 1245 409 1307 super
431 1225 585 1287 homines
607 1224 792 1288 hodiernae
814 1222 990 1287 Ecclesiae
1013 1223 1236 1299 Christianae,
1256 1225 1290 1288 in
1313 1227 1428 1308 singu·

310 1319 370 1382 lari
392 1318 565 1401 opusculo,
585 1338 676 1382 anno
702 1319 782 1399 1758
805 1318 952 1382 Londini
974 1318 1077 1394 edito,
1098 1318 1294 1400 evulgatum
1317 1329 1353 1383 et
1371 1321 1428 1384 de·

309 1414 470 1496 scriptum
490 1423 553 1476 est.

372 1523 439 1590 13.
470 1505 553 1589 Quis
575 1526 644 1570 non
668 1507 762 1570 videt
781 1507 1022 1570 necessitatem
1041 1506 1132 1590 quod
1151 1507 1230 1570 mali
1249 1511 1426 1592 separandi

308 1603 376 1665 sint
399 1624 419 1664 a
441 1602 549 1678 bonis,
573 1623 616 1664 ne
639 1602 718 1664 mali
745 1601 840 1666 letali
862 1603 1023 1684 contagio
1053 1600 1244 1666 inficiantur
1265 1614 1301 1666 et
1332 1624 1426 1686 pere·

309 1697 391 1760 ant?
435 1696 523 1759 Nam
542 1696 678 1772 malurn,
698 1697 776 1779 quia
793 1717 813 1760 a
831 1706 929 1778 partu
947 1696 1072 1760 insidet
1090 1706 1231 1761 naturae
1249 1695 1425 1772 humanae,

309 1811 347 1854 ac
372 1789 446 1873 plus
469 1801 503 1854 et
527 1790 602 1873 plus
621 1792 837 1873 ingeneratur
860 1791 972 1854 liberis
994 1811 1014 1854 a
1037 1792 1241 1872 parentibus,
1262 1802 1426 1872 pergente

310 1885 465 1948 Ecclesia
490 1886 534 1948 ad
564 1886 904 1959 consummationem,
931 1893 984 1948 est
1010 1885 1098 1947 sicut
1125 1883 1263 1966 pestifer
1289 1885 1425 1948 morbus

309 1981 365 2062 qui
383 1989 524 2042 vocatur
542 1999 674 2054 cancer,
694 1981 755 2062 qui·
768 1979 1010 2061 circumserpit,
1029 1998 1068 2042 ac
1088 1989 1203 2060 partes
1221 1979 1374 2062 integras
1392 1989 1425 2044 et

309 2077 402 2137 vivas
425 2073 615 2155 graduatim
635 2073 826 2138 mortificat.
872 2072 955 2155 Quis
973 2073 1123 2155 agricola
1145 2083 1180 2136 et
1204 2072 1426 2148 hortulanus}¹¹

309 2171 389 2232 dum
416 2169 508 2232 videt
535 2189 727 2232 accrescere
754 2179 879 2242 sentes,
903 2170 1042 2242 urticas,
1069 2169 1184 2249 spinas
1210 2178 1246 2232 et
1273 2169 1425 2242 carduos,

310 2283 377 2327 non
409 2265 577 2344 exstirpat
607 2263 674 2338 illa,
707 2275 889 2346 antequam
920 2263 1101 2326 inseminat
1131 2272 1167 2327 et
1197 2260 1333 2326 inaratffl
1360 2265 1426 2328 iru-

309 2369 425 2423 menta
441 2369 475 2421 et
492 2357 623 2422 edulia?
669 2356 752 2439 Quis
768 2358 920 2434 colonus,
937 2357 1016 2420 dum
1032 2358 1126 2422 videt
1141 2359 1280 2422 herbam
1297 2369 1332 2422 et
1348 2380 1424 2442 gra-

310 2473 386 2517 men
406 2453 557 2515 consumi
576 2473 596 2516 a
615 2454 782 2516 vermibus
801 2463 859 2517 aut
881 2452 1033 2526 locustis,
1053 2472 1121 2516 non
1140 2452 1225 2517 fodit
1248 2452 1373 2516 fossam
1391 2463 1426 2518 et

309 2558 444 2631 separat
460 2567 615 2630 campum
631 2550 796 2610 virentem
812 2569 832 2611 a
851 2548 1005 2630 depasto,
1022 2557 1057 2610 et
1073 2548 1120 2610 sic
1137 2547 1283 2610 consulit
1300 2557 1336 2611 ut
1352 2557 1426 2610 sata

309 2655 343 2706 et
357 2645 464 2707 vireta
476 2643 739 2706 conserventur?
779 2641 863 2723 Quis
875 2652 1002 2725 pastor,
1016 2643 1095 2706 dum
1108 2643 1201 2706 videt
1214 2641 1300 2706 ieras
1313 2642 1424 2705 multi-

309 2739 424 2822 plicari
447 2739 571 2800 circum
594 2739 683 2800 circa
709 2757 833 2819 pascua
856 2739 968 2801 ovium
992 2756 1137 2812 suarum,
1161 2756 1230 2800 non
1257 2747 1425 2800 convocat

309 2843 463 2916 pastores
485 2832 612 2894 vicinos
639 2842 674 2895 et
701 2852 828 2904 servos,
851 2829 920 2895 ac¹⁸¹
944 2851 1020 2895 cum
1047 2831 1125 2896 telis
1148 2841 1206 2895 aut
1233 2831 1319 2894 bolis
1342 2831 1426 2894 feras

309 2927 384 2992 illas
407 2927 553 2992 trucidat
576 2935 633 2990 aut
657 2927 785 3008 abigit?
830 2925 914 3008 Quis
936 2947 1009 3000 rex,
1032 2926 1113 2989 dum
1136 2925 1228 2988 videt
1252 2926 1351 2988 urbes
1377 2923 1425 2988 sui

309 3024 404 3104 regni
423 3024 546 3085 circum
567 3021 770 3103 metropolin
789 3041 894 3096 suam,
914 3029 950 3084 et
973 3021 1126 3084 hostibus
1144 3031 1273 3102 captas,
1293 3031 1329 3082 et
1348 3021 1424 3084 sub-

309 3118 455 3180 ditorum
477 3117 568 3180 bona
590 3116 633 3178 ab
656 3115 720 3179 illis
743 3135 910 3198 possessa,
934 3135 1002 3178 non
1026 3125 1194 3178 convocat
1216 3115 1364 3196 agmina,
1386 3135 1425 3178 ac

309 3213 397 3292 ejicit
412 3212 545 3284 hostes,
561 3229 600 3272 ae
620 3211 710 3273 bona
728 3218 881 3294 surrepta
899 3211 966 3272 suis
981 3209 1138 3284 restituit,
1156 3229 1195 3272 ac
1214 3209 1349 3292 insuper
1367 3209 1424 3273 ad·

305 3305 377 3388 jicit
396 3305 503 3388 spolia
525 3305 622 3387 pretii
641 3303 799 3380 hostium,
815 3314 851 3368 et
869 3305 916 3368 sic
935 3303 1132 3368 consolatur
1149 3303 1248 3366 illos?

369 3483 436 3550 14.
466 3468 516 3539 (v.)
541 3466 627 3536 duod
644 3473 717 3547 post
739 3465 819 3529 haee
843 3465 985 3530 dominus
1006 3466 1131 3530 delerit
1154 3487 1196 3530 οι
1215 3468 1301 3532 bonis
1324 3471 1367 3532 od
1387 3469 1427 3534 Se

310 3558 437 3622 elevetis
459 3558 694 3619 condelabrum
715 3556 849 3629 caetum,
871 3562 905 3620 ot
924 3557 1006 3638 qood
1027 3575 1069 3620 er
1086 3557 1177 3620 molis
1197 3578 1217 3619 o
1240 3557 1281 3622 Se
1301 3561 1428 3624 marutia

309 3669 415 3712 norum
441 3647 616 3722 laternum
650 3649 790 3728 siquod
815 3647 936 3730 utrique
963 3645 1090 3711 inducat
1115 3648 1260 3722 ordinem,
1286 3655 1322 3712 ut
1346 3655 1430 3714 aeut

309 3742 366 3805 sul
379 3759 437 3804 avo
451 3740 587 3821 auspicio
607 3745 642 3802 et
659 3759 718 3802 suo
733 3739 901 3803 obedientia
922 3739 953 3802 io
967 3741 1321 3824 conrnune-Legitur
1339 3743 1426 3825 apud

309 3836 460 3920 Escy'am,

359 3955 573 4083 Dixitpppopssb,
586 3958 603 3980 ‘¹
612 3955 679 4006 Ecce
693 3955 750 4019 Ego
763 3971 857 4007 creans
869 3957 959 4006 caelos
971 3971 1067 4014 novos,
1078 3966 1105 4007 et
1117 3967 1215 4007 terram
1228 3955 1350 4006 novam”
1358 3955 1424 4020 (cap.

312 4135 377 4220 [et]
397 4137 476 4200 alibi
495 4137 583 4219 apud
602 4138 757 4212 eundem,

360 4261 618 4326 “Quemadmodum
630 4261 696 4312 caeli
710 4263 773 4311 novt
785 4270 812 4312 et
824 4269 894 4312 terra
905 4277 986 4323 nova,
1000 4277 1068 4328 queo
1086 4263 1144 4328 Ego
1162 4261 1280 4314 lecturus
1291 4279 1361 4326 sum,
1375 4275 1425 4316 sta·

439 4329 506 4377 bunt
518 4341 607 4377 coram
622 4327 690 4378 Me”
701 4327 768 4392 (cap.
781 4327 845 4378 lxvi.
856 4328 913 4391 22);

309 4454 342 4516 in
361 4451 589 4534 Apocalypsi:

362 4577 449 4628 “Vidi
469 4579 571 4628 caelum
590 4594 690 4629 novum
708 4587 734 4629 et
752 4587 850 4631 terram
868 4596 982 4647 novamg
1010 4583 1082 4645 prius
1099 4581 1202 4634 caelum
1220 4592 1247 4634 et
1266 4583 1340 4648 prlor
1358 4593 1426 4633 terra

440 4641 590 4694 transiitl⁴l”
601 4645 669 4708 (cap.
683 4645 736 4696 xxi.
751 4645 790 4708 1);
