3322 5298
330 663 370 734 54
601 667 777 722 CANONES
800 668 929 722 NOVAE
952 669 1167 722 ECCLESIAE.

537 841 571 904 in
601 840 722 920 Patre;
756 841 846 924 quod
869 859 971 904 nemo
992 842 1109 906 veniat
1136 840 1179 904 ad
1206 842 1353 916 Patrem.
1379 843 1439 906 nisi

537 955 597 1017 per
609 934 752 1013 Filium;
775 935 866 1017 quod
882 935 969 998 sicut
987 935 1088 999 Pater
1103 935 1209 998 habet
1224 936 1330 998 vitam
1347 937 1380 1000 in
1397 934 1439 1000 Se
1559 975 1564 983 ·

538 1028 629 1111 Ipso,
642 1029 691 1092 ita
709 1028 840 1092 dederit
858 1027 945 1092 Filio
963 1028 1089 1092 habere
1104 1029 1211 1091 vitam
1227 1029 1260 1091 in
1280 1027 1324 1092 Se
1340 1029 1438 1112 lpso;

537 1123 627 1205 quod
646 1123 680 1185 in
694 1122 774 1202 Jesu
792 1120 930 1186 Christo
947 1123 1058 1186 omnis
1076 1121 1254 1205 plenitudo
1271 1123 1438 1186 Divinita-

537 1217 582 1279 tis
612 1215 745 1279 habitet
774 1216 1013 1298 corporaliter:
1048 1225 1183 1298 praeter
1212 1215 1319 1298 plura.
1380 1217 1440 1280 Per

540 1309 690 1372 “Filium
699 1309 714 1334 ”
732 1309 777 1372 ibi
796 1309 1000 1390 intelligitur
1019 1309 1216 1372 Humanum
1236 1309 1356 1374 Patris.

390 1417 437 1466 ιο.
468 1401 569 1485 Quod
597 1425 641 1466 ex
670 1403 722 1466 his
749 1414 909 1486 sequatur
930 1405 1022 1487 quod
1051 1403 1221 1467 Divinitas
1250 1414 1288 1488 et
1314 1403 1439 1468 Anirna

538 1497 614 1560 Filii
644 1497 719 1573 Dei,
738 1497 925 1562 Salvatoris
953 1499 1072 1572 nostri,
1090 1518 1159 1560 non
1184 1499 1253 1561 sint
1280 1496 1439 1562 distinete

537 1593 615 1667 duo,
639 1593 827 1656 sedunum
854 1603 890 1656 et
912 1591 1012 1656 idern.
1059 1589 1161 1673 Quod
1185 1591 1290 1655 Filius
1310 1593 1373 1656 Dei
1395 1593 1438 1657 sit

539 1683 733 1750 Humanum
762 1685 826 1749 Dei
856 1686 976 1757 Patris.
1008 1706 1109 1767 super
1137 1685 1238 1768 plene
1264 1695 1439 1749 ostensum

537 1789 611 1857 est;
638 1781 717 1862 quid
733 1780 823 1844 enirn
839 1780 930 1844 aliud
947 1779 1055 1843 Maria
1071 1779 1184 1843 Mater
1195 1781 1327 1862 peperit
1339 1799 1439 1862 quarn

539 1873 745 1950 Humanum,
765 1875 882 1957 inquo
900 1874 1060 1938 Divinum
1079 1895 1124 1937 ex
1144 1873 1220 1937 Deo
1239 1873 1340 1938 Patre
1358 1873 1440 1938 luit?

329 2049 413 2111 Inde
442 2069 462 2111 a
491 2049 673 2112 nativitate
698 2047 831 2112 “Filius
861 2048 949 2112 Dei”
971 2059 1115 2113 vocatus
1137 2059 1211 2127 est;
1245 2049 1328 2113 dicit
1351 2049 1440 2112 eninr

328 2142 470 2223 angelus
494 2142 631 2206 Gabriel
654 2144 697 2206 ad
722 2143 875 2217 Mariam,
898 2140 1086 2206 “Santtum
1111 2143 1201 2226 quod
1225 2145 1375 2207 nascitur
1396 2163 1440 2206 ex

328 2247 363 2298 te
383 2237 559 2300 vocabitur
579 2237 683 2300 Filius
703 2237 766 2302 Dei
779 2237 806 2316 ;’'
829 2247 865 2302 et
884 2235 1047 2302 Santtum
1066 2238 1156 2320 quod
1175 2237 1379 2302 nascebatur
1396 2257 1441 2301 ex

329 2330 436 2394 Maria
454 2331 515 2396 luit
536 2330 730 2394 Humanum
749 2332 782 2394 in
801 2352 869 2414 quo
888 2331 1048 2396 Divinum
1067 2351 1112 2396 ex
1132 2329 1243 2396 Patre.

675 2864 833 2930 CAPUT
864 2863 1096 2929 TERTIUM.

329 3099 441 3183 Quor)
464 3112 566 3162 anre
597 3111 763 3162 uunoun
786 3111 968 3162 cunarum
991 3109 1071 3161 uon
1094 3109 1234 3161 ruerus
1256 3095 1442 3160 anurrns

842 3191 924 3254 Der.

395 3393 420 3442 1.
452 3375 553 3460 Quod
573 3377 665 3439 Deus
684 3377 728 3440 sit
747 3395 843 3451 unus,
857 3373 1029 3457 Scriptura
1049 3373 1153 3439 Sacra
1171 3375 1285 3448 docet,
1299 3384 1336 3438 et
1355 3375 1442 3438 ratio

328 3471 513 3535 aDomino
541 3470 711 3534 illustrata
740 3469 785 3532 ibi
815 3479 851 3534 et
880 3470 958 3532 inde
988 3469 1092 3532 videt.
1147 3468 1199 3532 At
1230 3467 1319 3552 quod
1351 3467 1442 3532 Deus

328 3564 453 3629 1¹¹suerit
484 3565 612 3628 triunus
642 3575 723 3627 ante
753 3563 916 3626 mundum
947 3572 1120 3638 creatums
1139 3561 1313 3646 Scriptura
1339 3560 1442 3627 Sacra

329 3679 395 3723 non
415 3659 530 3733 docet,
551 3668 586 3722 et
605 3659 693 3721 ratio
711 3658 790 3720 inde
808 3655 978 3721 illustrata
997 3676 1065 3719 non
1084 3657 1187 3720 videt.
1234 3655 1334 3737 Quod
1353 3656 1440 3738 apud

327 3753 493 3816 Dam'dem
510 3753 642 3815 dicatur
661 3751 704 3815 de
728 3751 825 3824 Filio,
847 3750 992 3814 “Hodie
1015 3751 1117 3832 genui
1135 3749 1216 3826 Te‚”
1233 3769 1300 3813 non
1323 3759 1377 3813 est
1399 3749 1442 3812 ab

328 3857 479 3920 aeterno,
505 3845 565 3909 sed
589 3847 621 3908 in
646 3845 857 3927 plenitudine
880 3845 1065 3926 temporis:
1092 3854 1272 3908 venturum
1296 3845 1385 3906 enirn
1409 3845 1441 3906 in

328 3940 404 4003 Deo
419 3950 472 4003 est
489 3959 660 4021 praesens,
674 3941 723 4002 ita
738 3940 839 4002 hodie
852 3961 859 4016 ;
882 3937 1037 4002 similiter
1050 3948 1087 4002 ut
1104 3937 1169 4001 hoc
1185 3937 1274 4018 apud
1287 3935 1440 4010 Esarim,

330 4033 443 4096 “Puer
459 4043 559 4096 natus
575 4043 628 4096 est
645 4034 752 4108 nobis,
771 4033 875 4096 Filius
895 4032 994 4096 datus
1010 4041 1064 4096 est
1083 4031 1190 4108 nobis,
1208 4030 1301 4112 cujus
1317 4051 1441 4094 nornen

328 4127 431 4202 Deus,
456 4124 580 4200 Heros‚
594 4124 694 4190 Pater
712 4125 957 4190 aeternitatis.’'

391 4235 419 4283 2.
451 4218 548 4300 Quae
560 4239 657 4283 mens
670 4219 856 4294 rationalis,
870 4221 950 4282 dum
966 4219 1061 4284 audit
1076 4219 1166 4302 quod
1182 4229 1264 4282 ante
1280 4219 1442 4282 mundum

327 4324 479 4378 creatum
502 4314 623 4377 fuerint
647 4323 717 4377 tres
742 4313 884 4377 Divinae
907 4313 1086 4387 Personae,
1106 4314 1302 4377 nominatae
1330 4313 1440 4386 Pater.

328 4407 443 4482 Filius,
463 4418 499 4470 et
518 4406 660 4490 Spiritus
679 4405 834 4480 Sanetus.
855 4427 924 4472 non
944 4427 1057 4470 secum
1078 4404 1188 4472 ¹²¹dicit
1207 4408 1287 4470 dum
1310 4408 1353 4470 de
1375 4407 1442 4470 illis

327 4503 470 4583 cogitat,
493 4500 612 4582 “Quid
631 4511 695 4575 est,
716 4501 806 4584 quod
826 4501 931 4565 Filius
950 4511 1051 4564 natus
1069 4502 1113 4564 sit
1136 4522 1156 4564 a
1179 4499 1256 4564 Deo
1276 4500 1376 4564 Patre
1398 4500 1441 4562 ab

326 4596 490 4661 aeterno?
517 4607 553 4662 et
576 4597 749 4680 quomodo
767 4597 879 4678 potuit
899 4595 1015 4660 nasci?
1039 4605 1112 4659 turn
1128 4595 1207 4678 quid
1225 4605 1279 4660 est
1299 4593 1442 4678 Spiritus
