3338 5300
560 695 741 761 Quaruox
764 693 1061 748 accusans-n.
1078 697 1107 764 3.

275 865 444 930 duntaxat
463 865 516 929 hic
535 865 712 940 adducam,
731 872 932 948 quaesunt:

325 1015 343 1038 ⁴·
353 1013 474 1062 Pluviam
487 1013 735 1062 benevolentiamm
748 1011 849 1062 stillare
865 1007 1213 1072 racts111....naeredttatem
1225 1007 1393 1058 laborantem

405 1089 478 1133 tuam
487 1077 657 1126 confirmabis
667 1091 672 1136 ;
689 1078 775 1126 bestia
782 1077 796 1097 ”
804 1087 896 1126 coetus
904 1087 965 1128 tuus
975 1077 1159 1126 “habitabunt
1168 1075 1196 1124 ln
1205 1073 1273 1124 iila”
1281 1073 1392 1137 (Psalm.

406 1143 488 1194 lxviii,
503 1156 541 1201 10,
555 1155 583 1191 11
599 1140 644 1208 [B.
656 1144 691 1192 A.
703 1158 727 1206 9,
741 1139 810 1206 ro]);

327 1213 344 1236 ‘⁸
354 1210 421 1262 Mihi
438 1211 528 1260 omnis
545 1211 603 1260 iera
614 1210 715 1274 sylvae,
730 1205 857 1259 bestiaeffl
870 1209 896 1258 in
909 1209 1046 1258 montibus
1058 1207 1188 1265 millium
1206 1207 1269 1256 novi
1282 1221 1391 1256 omnem

405 1291 483 1326 avem
501 1277 642 1333 montium,
659 1276 760 1324 bestiae
777 1289 902 1338 agrorum
915 1288 1037 1324 meorum
1056 1272 1186 1323 Mecum”
1198 1271 1308 1336 (Psalm.
1320 1273 1338 1324 l.
1352 1285 1391 1330 10,

409 1344 465 1403 ult

327 1406 459 1457 “Aschur
476 1408 571 1457 cedrus
588 1405 616 1456 in
638 1405 758 1462 Libano:
771 1442 778 1456 .
791 1442 797 1455 .
811 1443 816 1456 .
830 1443 836 1456 .
851 1405 906 1456 alta
922 1401 994 1453 talla
1010 1413 1052 1454 est
1068 1403 1182 1454 altitudo
1199 1401 1350 1464 ejus;....
1365 1403 1393 1452 in

405 1473 487 1522 ramis
504 1473 563 1535 eius
581 1471 750 1522 nidificarent
766 1485 862 1520 omnes
879 1485 944 1519 aves
961 1470 1104 1528 caelorum,
1124 1478 1151 1518 et
1167 1469 1218 1518 sub
1236 1469 1317 1518 ramis
1334 1468 1394 1532 eius

405 1547 566 1601 pepererunt
578 1552 673 1587 omnes
686 1537 786 1586 bestiae
798 1537 864 1599 agri,
879 1545 905 1585 et
917 1536 944 1584 in
957 1537 1052 1584 umbra
1063 1533 1121 1598 ejus
1133 1535 1286 1584 habitarunt
1298 1548 1393 1584 omnes

405 1613 500 1666 gentes
510 1617 624 1665 magnae
633 1602 646 1622 '¹
656 1602 758 1664 (Erech.
770 1603 840 1651 xxxi.
854 1613 877 1662 3,
890 1613 912 1661 5,
924 1601 949 1660 6,
963 1597 1030 1660 tabl:
1048 1601 1120 1650 Dan.
1132 1600 1167 1649 iv.
1180 1600 1270 1660 7-13);

325 1667 455 1718 “feriam
467 1669 519 1718 illis
531 1669 625 1718 foedus
642 1668 671 1716 in
688 1667 732 1716 die
749 1668 796 1716 iilo
807 1682 867 1716 curn
879 1667 965 1716 bestia
976 1665 1041 1728 agri,
1055 1675 1082 1715 et
1099 1679 1158 1716 cunr
1176 1680 1229 1714 ave
1244 1664 1391 1724 caelorum,

406 1771 451 1786 ...
464 1771 470 1785 .
481 1744 508 1784 et
520 1735 691 1796 desponsabo
703 1741 729 1782 te
743 1729 837 1782 Mihiffl
850 1733 877 1780 in
890 1741 1027 1780 aeternum
1038 1730 1051 1750 ”
1064 1731 1168 1794 (Hosch.
1181 1731 1209 1781 ii.
1231 1731 1266 1788 18,
1280 1726 1362 1793 191¹l);

326 1799 445 1850 ‘Gaude
465 1809 492 1849 et
515 1799 631 1849 laetare:
646 1835 651 1849 .
665 1835 671 1848 .
684 1837 689 1848 .
703 1835 709 1848 .
724 1813 758 1847 ne
781 1799 881 1856 timete,
906 1797 1008 1846 bestiae
1030 1810 1156 1858 agrorum
1180 1809 1310 1854 meorum,
1333 1796 1394 1860 quia

404 1865 519 1914 herbosa
530 1861 602 1914 talla
613 1873 676 1914 sunt
687 1863 837 1914 habitacula
847 1863 945 1912 deserti
954 1861 968 1882 ”
980 1861 1053 1926 (Joel
1062 1862 1088 1912 ii.
1101 1873 1141 1918 at,
1153 1860 1228 1924 tabl)
1238 1876 1244 1920 ;

326 1929 401 1987 “Tu,
421 1931 458 1980 fili
475 1931 601 1989 hominis,
615 1929 657 1979 dic
674 1929 718 1978 avi
735 1929 825 1978 omnis
838 1923 923 1978 alaeffl
936 1936 963 1977 et
977 1927 1052 1976 omni
1069 1927 1170 1977 bestiae
1188 1927 1253 1988 agri,
1274 1925 1394 1990 Congre-

406 1995 507 2058 gamini
523 2033 529 2046 .
543 2033 548 2046 .
561 2033 567 2045 .
580 2033 586 2045 .
600 1995 634 2044 ad
657 1995 814 2043 sacrificium
836 2007 925 2042 meum
939 2030 944 2042 .
958 2030 964 2042 .
977 2029 1000 2042 ..
1016 2006 1096 2054 super
1115 1991 1252 2040 montibus
1276 1989 1392 2042 israelis.

406 2097 413 2112 .
425 2097 432 2111 .
444 2098 452 2110 .
464 2099 470 2112 .
482 2061 526 2110 Sic
537 2061 607 2110 dabo
618 2060 731 2122 gloriam
744 2073 832 2109 meam
845 2059 915 2110 inter
926 2067 1021 2120 gentes
1029 2057 1043 2078 ’'
1053 2057 1154 2118 (Erech.
1164 2058 1254 2106 xxxix.
1268 2057 1374 2116 17-2r);

326 2129 344 2152 ‘⁸
354 2125 448 2176 Hostis
466 2126 610 2190 opprobrio
622 2125 702 2174 afficit
717 2124 857 2190 Jehovam.
895 2123 936 2174 Ne
947 2124 995 2174 des
1007 2123 1109 2172 bestiae
1126 2123 1244 2172 animam
1263 2121 1394 2172 turturis''

405 2191 515 2253 (Psalm.
527 2191 609 2240 lxxiv.
624 2191 661 2249 18,
676 2190 732 2252 19);

326 2256 488 2306 “Dominus
500 2253 642 2322 Jehovihffl
655 2263 801 2318 congregat
813 2253 940 2317 expulsos
953 2253 1070 2304 Israelis.
1108 2252 1204 2303 Omnis
1220 2253 1307 2302 bestia
1318 2266 1395 2315 agro-

406 2337 464 2371 rum
477 2337 606 2380 meorum,
621 2322 710 2370 venite
719 2319 733 2340 ”
745 2321 830 2380 (Esoi.
842 2321 887 2370 lvi.
900 2321 923 2378 8,
935 2319 977 2382 9),

327 2387 467 2451 “Spiritus
484 2387 577 2452 Jesum
595 2387 736 2450 impellens
757 2386 820 2435 iecit
840 2386 912 2434 exire
933 2385 959 2433 in
981 2385 1115 2434 desertum
1118 2419 1199 2442 .....
1211 2392 1238 2433 et
1256 2391 1314 2433 erat
1330 2396 1390 2432 curn

405 2453 506 2512 bestiis,
520 2461 548 2502 et
559 2453 648 2515 angeli
661 2453 849 2502 ministrabant
862 2451 917 2514 Ipsi
925 2449 939 2470 ”
951 2448 1046 2512 (More.
1059 2449 1075 2500 i.
1090 2461 1128 2508 12,
1142 2447 1197 2510 13);

277 2617 345 2660 non
368 2606 441 2661 erat
465 2617 541 2660 cum
564 2595 693 2671 bestiis,
714 2595 774 2660 sed
797 2613 874 2658 cunt
893 2591 1047 2668 diabolis,
1068 2611 1144 2656 curn
1167 2591 1286 2675 quibus
1305 2611 1392 2674 pug-

276 2693 369 2754 navit
396 2701 431 2754 et
462 2711 545 2774 quos
573 2689 774 2772 subjugavit.
832 2687 984 2770 (Praeter
1011 2687 1104 2750 mille
1130 2686 1204 2750 aliis
1234 2687 1267 2749 in
1298 2685 1392 2756 locis,

276 2807 362 2869 quae
381 2787 492 2871 quoad
512 2795 643 2869 partem
663 2784 769 2848 allata
788 2793 867 2847 sunt
890 2785 923 2846 in
943 2781 1154 2864 Apocalypsi
1168 2780 1340 2856 Revelato,
1361 2800 1393 2842 n.

279 2881 363 2965 567.)
410 2881 589 2944 Praeterea
608 2889 727 2943 notum
746 2889 799 2942 est
822 2878 912 2960 quod
937 2878 1015 2960 Ipse
1035 2877 1200 2939 Dominus
1223 2877 1257 2938 in
1276 2873 1394 2938 Verbo

277 2977 408 3040 dicatur
433 2973 614 3058 “Agnus''
641 2983 676 3037 et
703 2993 835 3055 quoque
861 2971 962 3035 “Leo
974 2972 999 3050 ;”
1033 2981 1106 3035 tum
1133 2970 1223 3054 quod
1251 2967 1394 3051 Spiritus

277 3069 421 3134 Santtus
439 3077 714 3152 repraesentatus
737 3069 781 3130 sit
805 3067 891 3130 sicut
913 3065 1108 3130 “Columba
1119 3065 1144 3143 ;”
1176 3063 1266 3147 quod
1289 3063 1392 3126 etiam

277 3165 424 3240 cherubi,
453 3186 512 3248 per
538 3185 622 3247 quos
652 3161 803 3226 Verbum
831 3164 863 3224 in
892 3161 1013 3224 literali
1044 3181 1144 3224 sensu
1174 3157 1392 3241 significatur,

277 3261 492 3344 apparuerint
519 3260 606 3321 sicut
631 3262 803 3340 “quatuor
832 3255 991 3330 bestiae‚”
1013 3254 1102 3337 apud
1128 3251 1332 3316 Ezechielem
1358 3261 1393 3315 et

277 3356 310 3418 in
343 3353 571 3435 Apocalypsi:
605 3351 761 3434 quodque
794 3349 898 3414 horno
928 3348 1115 3424 Ecclesiae,
1149 3349 1204 3431 qui
1234 3347 1393 3429 agnoscit

279 3449 462 3512 Dominum
478 3457 515 3510 ut
535 3466 630 3509 suurn
648 3445 757 3508 Deum
774 3453 809 3507 et
833 3444 1020 3518 Pastorem,
1037 3442 1169 3506 dicatur
1186 3443 1286 3505 “ovis
1298 3441 1324 3520 ;”
1346 3451 1393 3516 et,

277 3543 351 3606 vice
369 3562 476 3616 versa,
497 3541 552 3623 qui
576 3559 644 3602 non
667 3540 835 3620 agnoscit,
856 3539 987 3602 dicatur
1007 3535 1178 3612 “hircus,”
1197 3546 1232 3599 et
1262 3557 1394 3620 quoque

280 3637 411 3700 “draco
424 3635 449 3713 ;”
472 3645 507 3699 et
524 3635 613 3718 quod
630 3633 725 3715 hujus
744 3643 873 3708 coetus,
887 3631 1041 3694 similiter
1053 3641 1091 3694 ut
1109 3629 1198 3714 apud
1211 3629 1393 3706 Danielem,

278 3731 488 3794 describatur
507 3749 566 3812 per

328 3872 447 3924 Bestiam
465 3887 499 3922 ex
516 3872 592 3928 mari,
612 3871 726 3922 similem
745 3872 838 3934 pardo,
857 3871 932 3935 cujus
950 3871 1032 3934 pedes
1050 3870 1126 3935 quasi
1143 3869 1206 3929 ursi,
1226 3879 1301 3924 etos
1319 3871 1395 3934 quasi

409 3939 495 3988 leonis
507 3937 594 4002 (Apoc.
605 3937 660 3986 xiii.
673 3951 695 3994 1,
708 3939 741 3999 a).

281 4073 376 4138 Haec
405 4073 545 4138 trahunt
572 4074 737 4156 originem
763 4093 808 4138 ex
836 4074 964 4137 mundo
990 4073 1164 4156 spirituali,
1192 4073 1247 4135 ubi
1277 4091 1395 4136 omnes

279 4165 474 4232 affedtiones
503 4178 539 4231 et
568 4169 645 4232 inde
672 4169 901 4250 cogitationes
930 4167 1129 4250 angelorum
1155 4176 1191 4230 et
1220 4167 1395 4248 spirituum

279 4262 323 4326 ad
349 4261 546 4325 distantiam
571 4262 614 4325 ab
636 4261 702 4324 illis
726 4263 891 4325 sistuntur
912 4271 949 4324 ut
974 4262 1123 4338 bestiae;
1155 4281 1241 4344 quae
1263 4279 1395 4344 quoque

280 4363 446 4438 apparent
468 4356 502 4418 in
521 4355 620 4418 simili
635 4354 753 4430 forma,
773 4375 908 4438 prorsus
931 4356 965 4418 in
984 4373 1050 4437 qua
1067 4355 1197 4418 bestiae
1216 4355 1249 4416 in
1269 4354 1396 4416 mundo

280 4449 444 4528 naturali3
476 4447 671 4514 affettiones
689 4452 812 4514 amoris
832 4451 911 4513 boni
930 4459 968 4513 ut
990 4450 1121 4513 bestiae
1140 4449 1240 4512 mites
1258 4457 1294 4512 et
1318 4467 1395 4511 usus

279 4543 370 4620 boni,
388 4554 424 4608 at
443 4542 637 4610 affectiones
653 4547 776 4610 amoris
792 4543 871 4608 mali
890 4554 927 4608 ut
946 4545 1076 4609 bestiae
1095 4543 1243 4606 immites
1262 4552 1298 4606 et
1316 4561 1394 4605 usus

280 4639 378 4703 mali:
403 4639 481 4703 inde
497 4648 549 4704 est
565 4639 656 4723 quod
672 4640 775 4704 toties
791 4639 1009 4704 nominentur
1023 4638 1181 4703 “bestiae
1188 4637 1204 4664 ”
1219 4638 1253 4700 in
1266 4635 1394 4710 Verbo,
