3338 5300
285 723 328 787 94
757 723 929 776 conotus

285 909 367 982 num
378 900 497 973 aperta
510 911 585 954 cum
598 892 730 974 angelis
743 893 838 969 caeli,
852 903 887 957 et
903 891 993 958 satta
1005 903 1061 958 est
1074 889 1269 975 conjundiio
1280 893 1402 956 utrius·

285 1005 351 1068 que
383 987 519 1063 mundi;
550 990 709 1069 quoniam
740 1007 815 1051 cum
846 989 950 1052 homo
981 999 1034 1052 est
1063 989 1096 1052 in
1128 1009 1231 1052 sensu
1258 987 1403 1052 murali

284 1079 400 1162 angeli
415 1089 494 1144 sunt
509 1081 542 1144 in
558 1101 660 1145 sensu
675 1082 850 1165 spirituali.
882 1083 934 1146 De
951 1083 1015 1146 hoe
1032 1103 1133 1146 sensu
1146 1083 1301 1146 videatur
1312 1081 1404 1164 quod

285 1176 446 1257 scriptum
470 1185 522 1240 est
548 1175 595 1258 [in
622 1176 709 1241 Vera
729 1176 928 1242 Christiana
950 1176 1134 1261 Religione]
1160 1179 1194 1240 in
1217 1177 1329 1260 capite
1349 1174 1403 1238 De

285 1267 459 1352 Scriptura
478 1269 590 1334 Sacra.

351 1363 432 1446 (45.)
465 1363 795 1450 Correspondentiae
814 1387 873 1450 per
888 1387 972 1450 quas
990 1365 1142 1431 Verbum
1159 1365 1271 1449 quoad
1290 1365 1405 1428 omnia

284 1466 321 1522 et
344 1459 478 1541 singula
500 1461 729 1543 conscriptum
752 1470 816 1536 est,
836 1459 942 1525 talem
960 1461 1028 1524 vim
1051 1469 1086 1524 et
1109 1461 1271 1524 virtutem
1293 1459 1403 1542 possi-

285 1551 379 1630 dent,
397 1564 434 1617 ut
449 1555 562 1618 vocari
581 1558 689 1638 possit
705 1558 755 1630 vis
774 1565 810 1620 et
826 1557 932 1619 virtus
951 1555 1221 1637 omnipotentiae
1237 1555 1404 1632 Divinae;

285 1667 365 1711 nam
383 1669 442 1730 per
460 1649 535 1712 illas
558 1651 712 1714 naturale
728 1645 958 1733 1¹¹conjundiim
981 1669 1058 1713 cum
1081 1648 1256 1732 spirituali,
1274 1657 1311 1712 et
1333 1649 1404 1730 spi-

284 1743 405 1806 rituale
421 1763 496 1807 cum
514 1745 668 1820 naturali,
681 1747 775 1828 agit;
794 1747 843 1808 ita
858 1765 959 1808 omne
975 1745 1060 1808 caeli
1076 1763 1152 1808 cum
1168 1745 1261 1807 omni
1277 1743 1404 1807 mundi.

286 1837 370 1900 Inde
386 1848 438 1902 est
455 1840 545 1921 quod
565 1840 632 1904 duo
648 1839 869 1904 Sacramenta
884 1841 952 1904 sint
968 1839 1290 1921 correspondentiae
1306 1838 1403 1920 spiri-

285 1932 425 1997 tualium
445 1951 520 1996 cum
540 1935 758 1998 naturalibus.
803 1935 887 1998 Inde
906 1935 1039 1998 illorum
1058 1935 1164 1997 virtus
1183 1943 1218 1998 et
1238 1933 1402 2016 potentia.

351 2024 432 2110 (46.)
464 2025 581 2110 ¹¹¹Quid
605 2029 766 2093 miracula
787 2039 908 2093 contra
931 2029 1011 2092 illa?
1039 2028 1205 2092 Miracula
1227 2047 1296 2090 non
1318 2025 1404 2090 fiunt

285 2119 397 2198 hodie,
417 2119 521 2205 ¹⁸¹quia
539 2124 706 2188 seducunt
724 2125 891 2202 homines,
911 2133 947 2188 et
969 2125 1096 2187 faciunt
1115 2123 1192 2186 illos
1211 2122 1403 2200 naturales;

285 2216 462 2281 includunt
480 2219 642 2281 interiora
659 2214 803 2283 ¹⁴¹e0rum
820 2219 954 2294 mentis,
970 2219 1005 2281 in
1024 2219 1143 2300 quibus
1162 2215 1246 2282 fides
1261 2217 1404 2282 radicari

285 2311 388 2376 debet
402 2334 409 2390 ;
429 2313 507 2376 inde
516 2332 608 2376 mere
619 2313 702 2378 salsa
712 2315 902 2397 procedunt
914 2311 1083 2396 (videatur
1091 2312 1217 2376 Mattk.
1228 2313 1323 2376 xxiv.
1335 2311 1403 2394 24).

286 2402 376 2488 Quid
393 2407 553 2470 miracula
569 2403 628 2470 “lin
646 2407 812 2490 Aegypto
827 2405 915 2472 saeta
931 2407 1020 2490 apud
1037 2405 1172 2470 Israelis
1184 2405 1270 2470 filios
1282 2405 1403 2470 effece-

285 2500 386 2564 runt?
422 2499 512 2582 Quid
529 2502 689 2565 miracula
704 2503 738 2566 in
750 2503 888 2566 deserto
900 2521 1014 2565 coram
1030 2499 1118 2564 illis?
1154 2498 1244 2582 Quid
1260 2501 1403 2564 miracu·

285 2593 319 2658 la
341 2615 417 2658 cum
448 2597 590 2678 ingressi
621 2597 762 2660 Terram
793 2596 1012 2661 Canaanem?
1049 2593 1140 2676 Quid
1170 2595 1331 2659 miracula
1360 2597 1404 2658 ab

286 2688 362 2753 Elia
384 2700 420 2754 et
447 2689 584 2754 Elisaeo
605 2689 717 2755 saeta?
762 2689 852 2772 Quid
880 2690 1040 2754 miracula
1066 2689 1110 2754 ab
1135 2691 1210 2772 ipso
1233 2689 1403 2753 Domino?

285 2783 376 2847 Num
395 2785 570 2867 quisquam
589 2785 667 2849 inde
686 2785 867 2868 spiritualis
885 2781 991 2849 fastus
1010 2785 1086 2848 est?
1130 2783 1221 2865 Quid
1244 2783 1404 2848 miracula

285 2878 375 2960 apud
406 2879 801 2945 Romano-Catholicosi
831 2889 867 2944 et
897 2879 1042 2943 Antonii
1072 2879 1106 2942 in
1137 2877 1273 2943 Padua?
1302 2879 1403 2943 trium

285 2969 484 3055 Sapientum
503 2972 688 3038 Coloniae?
732 2973 780 3038 Et
802 2975 883 3057 quid
905 2972 1161 3037 innumerabilia
1177 2973 1212 3036 in
1230 2983 1403 3038 monaste·

285 3067 352 3142 riis,
383 3087 469 3151 quae
498 3066 646 3151 pidturis,
677 3067 822 3133 lamellis
851 3078 886 3133 et
919 3067 1018 3132 donis
1048 3066 1275 3149 repletissima
1302 3067 1403 3134 sunt?

286 3161 377 3225 Num
404 3163 481 3226 inde
509 3164 684 3246 quisquam
711 3162 891 3246 spiritualis
918 3159 1025 3226 ladius
1048 3161 1124 3226 esti
1175 3161 1300 3226 Nonne
1325 3163 1404 3228 inde

286 3253 362 3322 faeti
386 3267 465 3320 sunt
488 3259 669 3333 naturales,
693 3278 797 3340 usque
820 3267 857 3322 ut
880 3259 939 3320 vix
962 3258 995 3320 in
1018 3256 1084 3320 illis
1107 3252 1269 3340 1⁸¹aliquod
1287 3276 1403 3322 verum

286 3349 402 3427 Verbi,
423 3352 484 3415 sed
510 3353 613 3416 modo
639 3349 811 3416 ”lexterna
837 3353 958 3429 cultus,
986 3347 1100 3435 [⁸¹quae
1122 3361 1201 3416 sunt
1230 3351 1403 3416 hominum

286 3454 322 3510 et
341 3447 573 3510 traditionum.
1269 3467 1275 3478 ·

352 3618 433 3702 (47.)
466 3618 567 3701 Quod
585 3621 620 3684 in
637 3618 774 3684 Christo
793 3620 885 3684 Deus
901 3620 945 3684 sit
966 3619 1092 3694 Homo,
1109 3629 1145 3684 et
1165 3618 1281 3683 Homo
1300 3619 1403 3695 Deus,

286 3713 503 3780 confirmatur
521 3715 627 3779 tribus
646 3716 774 3779 vicibus
792 3716 826 3778 in
841 3713 1001 3778 Formula
1021 3713 1244 3788 Concordiam·
1267 3723 1340 3778 tum
1359 3734 1403 3778 ex

287 3808 439 3891 symbolo
463 3808 660 3884 Athanasii,
685 3809 740 3874 ubi
766 3810 887 3873 dicitur
910 3809 1125 3892 “assumptio
1153 3805 1404 3892 [humanitatis]

285 3905 320 3968 in
339 3904 449 3968 Deum
462 3903 488 3982 ;”
511 3925 556 3968 ex
576 3903 693 3968 Verbo

509 4017 593 4082 (Rom.
603 4018 658 4068 xiv.
670 4029 698 4067 11
709 4031 715 4079 ;
741 4016 831 4068 Coloss.
841 4016 869 4070 ii.
878 4031 911 4082 93
937 4028 948 4066 1
962 4015 1024 4082 Joh.
1035 4031 1063 4069 v.
1073 4027 1113 4078 πο,
1123 4014 1181 4078 21);

286 4141 359 4196 tum
375 4151 420 4196 ex
440 4131 520 4216 Ipso
540 4131 700 4206 Domino,

590 4241 643 4290 uod
657 4239 737 4290 Pater
749 4251 776 4290 et
789 4239 851 4305 lpse
862 4255 946 4290 unum
959 4239 1031 4298 sint:

590 4307 642 4356 uod
657 4305 736 4356 Pater
747 4307 774 4356 in
789 4306 852 4369 lpso
864 4316 892 4356 et
904 4305 965 4369 lpse
977 4307 1005 4356 in
1020 4305 1116 4367 Patre,

590 4373 643 4422 uod
655 4372 748 4421 omnia
761 4371 848 4422 Patris
861 4373 915 4422 sint
928 4371 1034 4436 Ipsius;

590 4439 644 4488 uod
655 4439 690 4488 sit
702 4437 764 4487 Vita
776 4437 803 4487 in
816 4437 850 4488 Se
864 4436 943 4500 Ipso:

590 4505 644 4554 uod
655 4504 690 4554 sit
703 4503 777 4554 Deus
788 4504 855 4554 caeli
867 4513 894 4554 et
905 4513 1008 4563 terrm
1026 4511 1077 4553 etc.

351 4670 433 4756 (48.)
465 4669 566 4756 Quod
584 4675 697 4738 anima
715 4675 758 4738 sit
778 4675 915 4738 intimus
934 4673 1047 4748 homo,
1066 4681 1102 4737 et
1121 4672 1199 4737 inde
1217 4672 1403 4737 secundum
