3322 5298
291 697 332 764 30
564 693 740 746 CANONES
763 690 893 746 NOVAE
915 693 1130 746 ECCLESIAE.

665 985 826 1052 CAPUT
848 983 1033 1052 NONUM.

290 1171 403 1255 Qvoo
424 1172 608 1255 Junovnn
635 1171 738 1237 Deus
764 1184 985 1236 succressrva
1011 1183 1181 1236 uxusmr
1208 1183 1405 1237 numanum

415 1280 466 1330 ux
489 1266 641 1342 Maras,
665 1279 714 1330 nr
741 1279 929 1331 movsen·
954 1264 1159 1331 Humanum
1181 1279 1232 1330 ax
1255 1266 1405 1345 Parnm

416 1374 465 1424 su
483 1373 587 1439 Quoo
607 1373 663 1424 src
683 1360 888 1425 Humanum
907 1373 1023 1426 maun
1041 1373 1203 1424 rucuma
1222 1359 1405 1426 D1v1uun.

356 1559 381 1606 1.
414 1540 515 1625 Quod
528 1545 642 1609 anima
657 1543 760 1628 prolis
778 1545 822 1608 sit
838 1565 884 1608 ex
901 1553 1011 1626 patre,
1024 1554 1060 1609 et
1077 1544 1168 1628 quod
1184 1543 1243 1608 illa
1258 1544 1292 1608 in
1309 1553 1406 1609 utero

500 1637 619 1702 induat
635 1659 672 1702 se
688 1659 830 1723 corpore
848 1660 894 1702 ex
911 1639 1104 1703 substantia
1120 1639 1260 1718 matris;
1287 1639 1406 1704 analo·

499 1735 586 1816 gice,
603 1735 691 1798 sicut
710 1752 827 1797 semen
845 1733 879 1798 in
899 1743 992 1798 terra
1009 1744 1045 1798 et
1064 1754 1109 1798 ex
1125 1733 1318 1799 substantia
1336 1743 1407 1799 ter·

503 1851 571 1895 rae.

353 1938 382 1986 2.
415 1919 516 2004 Quod
539 1921 618 1986 inde
641 1923 757 2005 imago
780 1923 886 2006 patris
908 1923 989 1988 insit
1012 1923 1156 2006 corpori,
1177 1923 1321 2006 primum
1344 1923 1406 1987 ob-

500 2036 607 2092 scure,
621 2016 746 2081 deinde
762 2017 837 2099 plus
854 2026 891 2082 et
906 2017 982 2100 plus
997 2017 1185 2093 evidenter,
1200 2017 1289 2081 sicut
1305 2026 1407 2082 natus

500 2111 544 2175 ad
562 2113 676 2176 studia
694 2122 730 2176 et
749 2111 860 2176 officia
879 2101 986 2196 patris
1004 2133 1041 2176 se
1059 2111 1221 2196 applicat.

355 2222 383 2288 3.
415 2203 517 2288 Quod
539 2204 667 2271 Christi
686 2227 819 2290 corpus,
839 2216 1008 2291 quatenus
1030 2227 1051 2270 a
1073 2207 1267 2271 substantia
1285 2205 1406 2272 Matris

500 2311 585 2377 erat,
606 2321 674 2366 non
693 2301 792 2366 luerit
811 2301 896 2366 Vita
914 2302 948 2364 in
968 2322 1025 2380 se;
1049 2302 1109 2366 sed
1128 2303 1295 2385 recipiens
1313 2303 1405 2368 vitae

500 2415 521 2460 a
540 2397 665 2460 Divino
684 2397 718 2459 in
738 2395 828 2479 Ipso,
848 2397 939 2479 quod
958 2397 1019 2461 suit
1039 2395 1123 2460 Vita
1140 2397 1175 2460 in
1194 2417 1241 2461 se.

352 2509 383 2568 4.
415 2489 517 2574 Quod
544 2489 711 2566 Christus,
735 2492 938 2566 successive,
963 2491 1051 2555 sicut
1078 2489 1238 2555 Divinam
1265 2489 1405 2575 Sapien-

500 2585 584 2650 tiam
608 2595 643 2650 et
667 2584 827 2648 Divinum
851 2584 1018 2649 Amorem
1041 2584 1211 2649 exaltavit
1233 2586 1324 2669 apud
1350 2585 1404 2662 se,

500 2679 687 2763 susceperit
706 2679 740 2742 in
760 2677 804 2744 Se
824 2679 983 2743 Divinam
1000 2678 1130 2756 Vitam,
1148 2689 1304 2763 quaeest
1323 2680 1406 2746 Vita

500 2793 603 2838 mse.

356 2881 382 2950 5.
415 2865 517 2950 Quod
540 2867 707 2943 Christus,
731 2877 897 2952 quantum
920 2869 1071 2952 suscepit
1095 2867 1215 2934 Vitam
1239 2869 1273 2932 in
1302 2871 1339 2934 se
1361 2890 1405 2933 ex

501 2963 626 3027 Divino
642 2964 676 3026 in
692 2961 747 3038 Se,
762 2971 897 3026 tantum
914 2965 1047 3027 exuerit
1064 2963 1250 3027 humanum
1265 2984 1311 3028 ex
1331 2963 1404 3028 Ma·

501 3067 564 3134 tre,
584 3077 624 3122 ac
644 3059 790 3121 induerit
811 3057 1008 3122 Humanum
1028 3079 1073 3121 ex
1093 3057 1203 3122 Patre.

353 3152 383 3215 6.
415 3148 517 3234 Quod
535 3149 691 3215 Christus
710 3152 821 3234 perid
842 3150 1040 3215 Humanum
1059 3171 1155 3215 suum
1174 3152 1291 3217 fecerit
1311 3149 1405 3216 Divi·

502 3265 592 3321 num,
610 3255 646 3310 et
665 3267 709 3310 ex
726 3246 795 3309 filio
811 3245 940 3310 Mariae
959 3243 1004 3310 Se
1025 3243 1170 3330 [fecerit]
1191 3246 1314 3310 Filium
1331 3245 1404 3310 Dei.

353 3353 383 3422 7.
414 3337 517 3422 Quod
536 3337 691 3404 Christus
709 3339 806 3423 Jesus
825 3341 874 3404 ita
897 3348 932 3404 et
956 3360 1024 3404 non
1044 3339 1144 3404 aliter
1162 3342 1312 3422 potuerit
1331 3361 1406 3406 esse

500 3435 535 3499 in
553 3434 685 3518 angelis
708 3443 744 3499 et
766 3434 971 3511 hominibus,
991 3454 1030 3498 ac
1054 3434 1168 3517 angeli
1191 3445 1227 3499 et
1251 3435 1405 3500 homines

500 3529 571 3593 inl
598 3551 646 3594 so.

354 3626 383 3690 8.
414 3623 482 3689 Sed
505 3551 596 3708 quiap
605 3623 713 3688 Maria
735 3622 849 3686 Mater
869 3623 978 3706 ipsius
996 3634 1118 3706 postea
1136 3625 1406 3708 repraesentavit

500 3717 692 3794 ecclesiam,
711 3718 801 3801 quod
824 3717 858 3781 in
881 3717 941 3781 illo
961 3716 1117 3801 respefitu
1135 3719 1344 3784 nominanda
1362 3721 1406 3785 sit

501 3813 614 3877 Mater
632 3813 751 3896 Ipsius.

353 3926 382 3992 9.
415 3905 516 3992 Quod
533 3907 700 3986 Christus,
717 3928 794 3973 cum
812 3908 846 3972 in
865 3909 1015 3974 humano
1032 3909 1153 3974 Matris
1171 3909 1243 3986 suit,
1260 3911 1294 3974 in
1313 3919 1406 3976 statu

500 4013 742 4078 exinanitionis
754 4013 874 4096 suerit;
893 4035 932 4078 ac
947 4015 1085 4091 tentari,
1095 4013 1277 4098 reprobari,
1286 4025 1322 4080 et
1334 4015 1406 4098 pati

500 4109 662 4190 potuerit.

336 4218 383 4268 ιο.
415 4199 517 4286 Quod
543 4203 577 4266 in
603 4203 669 4267 hoc
693 4213 787 4267 statu
810 4205 958 4268 oraverit
982 4204 1024 4269 ad
1053 4203 1199 4284 Patrem,
1224 4205 1301 4289 quia
1324 4214 1405 4271 tunc

500 4306 574 4361 erat
593 4298 680 4362 sicut
699 4297 822 4362 absens
841 4299 885 4362 ab
906 4298 981 4363 Illo.
1425 4302 1428 4306 ’
