3352 5298
267 617 306 680 14
520 652 523 658 ,
583 615 635 666 DE
657 614 762 667 NOVA
786 613 1062 666 HIEROSOLYMA

261 783 307 846 ibi
326 783 492 865 regimina
509 782 744 850 ecclesiastica
761 793 797 850 et
813 784 948 864 civilia·;
971 783 1087 860 verbo,
1105 803 1173 848 non
1189 783 1257 848 alia
1272 785 1378 851 inter·

262 891 354 956 cedit
375 890 568 958 differentia
590 893 679 958 inter
694 892 752 958 illa
770 913 856 976 quae
876 893 909 956 in
931 891 1035 956 caelis
1058 901 1191 960 suntet
1211 893 1300 958 inter
1321 893 1380 957 illa

261 1001 400 1082 quaein
420 1001 530 1078 terris,
548 1019 649 1086 quam
668 1001 758 1084 quod
778 1002 892 1069 omnia
910 1001 944 1066 in
962 1001 1067 1067 caelis
1081 1002 1116 1066 in
1135 1009 1229 1066 statu
1248 1002 1378 1085 perlec-

261 1112 339 1176 tiori
357 1111 438 1186 sint,
451 1110 529 1193 quia
545 1129 666 1176 omues
684 1111 740 1194 qui
758 1110 803 1174 ibi
822 1109 1014 1194 spirituales
1032 1121 1123 1188 sunt,
1136 1121 1172 1177 et
1191 1111 1380 1195 spiritualia

261 1218 465 1282 immensum
494 1217 671 1282 excedunt
700 1217 870 1282 naturalia
898 1217 1119 1300 perfectione.
1170 1235 1256 1294 (Quod
1268 1233 1294 1282 u
1308 1235 1380 1282 aeus

260 1312 317 1358 talia
326 1312 380 1366 siut.
390 1313 529 1359 videaturin
539 1325 612 1373 opere
622 1313 662 1360 De
672 1313 742 1360 Caelo
751 1318 775 1359 et
785 1313 881 1375 termo
891 1313 976 1368 ubivis,
984 1314 1009 1360 in
1018 1314 1097 1374 speeie
1107 1315 1132 1362 lu
1147 1315 1247 1363 nrtietdo
1258 1314 1297 1362 De
1308 1315 1380 1374 Regi·

261 1385 364 1431 minibus
379 1386 403 1432 iu
420 1385 502 1442 Caelo.
518 1401 543 1434 ιι.
559 1399 680 1446 mrum
703 1394 727 1433 et
742 1387 767 1433 ln
782 1387 882 1434 articulo
900 1387 939 1434 De
957 1388 1032 1436 Cultu
1052 1389 1142 1436 Dlvluo
1156 1389 1197 1444 lbl.
1212 1403 1237 1436 u.
1253 1387 1379 1446 unt-227.)

172 1458 175 1464 ’
245 1454 318 1526 ··Ειι
337 1463 390 1527 his
408 1472 568 1528 constare
586 1474 703 1548 potest
720 1465 800 1548 quid
814 1465 1022 1548 intelligitur
1039 1487 1099 1550 per
1117 1467 1209 1550 quod
1229 1465 1379 1530 “santra

260 1573 392 1647 civitas,
417 1571 518 1636 Nova
538 1571 797 1658 Hierosolyma,
817 1575 891 1640 visa
919 1577 964 1640 sit
991 1576 1200 1642 descendere
1222 1598 1243 1641 a
1266 1577 1341 1641 Deo
1359 1597 1378 1642 e

260 1680 386 1746 caelo.’.’
429 1680 498 1746 Sed
517 1683 680 1748 accedam
698 1683 742 1747 ad
760 1685 869 1768 ipsam
886 1684 1093 1762 Decimam,
1110 1707 1197 1770 quae
1213 1708 1273 1770 pro
1289 1707 1379 1750 nova
1397 1677 1401 1685 ’

261 1787 428 1868 ecclesia3
458 1809 556 1872 quae,
580 1791 658 1874 quia
680 1791 762 1855 mihi
785 1791 938 1856 revelata
959 1803 1013 1857 est
1038 1815 1057 1858 e
1083 1794 1191 1871 caelo,
1215 1795 1379 1858 Dolirina

263 1897 424 1964 Caelestis
440 1910 602 1968 vocatur:
626 1920 706 1966 nam
725 1901 814 1968 hane
830 1903 923 1982 dare,
940 1903 1039 1986 hujus
1054 1905 1169 1988 operis
1183 1906 1377 1970 institutum

260 2017 324 2072 est.
