3282 5294
259 704 297 750 10
458 701 660 750 SAPIENTIA
685 700 880 750 ANGELICA
905 700 955 750 DE
978 699 1175 766 CONJUGIO.

300 869 415 919 Adulteri
428 868 475 918 visi
492 868 554 919 sient
566 867 641 932 satyri
656 882 713 916 curn
727 867 813 918 scortis
830 867 857 918 in
870 867 941 928 silva,
955 877 980 918 et
993 867 1027 917 ibi
1040 868 1067 917 in
1081 867 1200 928 cavernis,
1212 875 1237 917 et
1250 874 1336 932 postea
1347 866 1374 916 in

249 946 339 1006 dorno;
358 945 401 994 nbi
415 945 579 1089 loquebaptur
589 945 621 993 de
635 944 764 1010 conjugiis,
776 943 808 994 de
822 953 916 1006 natura,
929 953 953 994 et
967 944 999 994 de
1013 944 1140 1008 religione,
1152 943 1261 993 nefanda
1276 943 1313 1012 (rr.
1324 953 1374 1005 407

248 1029 294 1083 [Dc
301 1031 352 1071 Aur.
366 1030 436 1080 Comi,
445 1041 467 1070 rr.
478 1029 523 1082 sar]

299 1145 452 1197 Deliberatio
463 1145 496 1196 de
508 1145 565 1196 Deo
576 1153 601 1196 et
612 1144 788 1214 natura‚-·(r.)
808 1146 876 1196 Num
889 1153 976 1196 natura
987 1146 1018 1196 sit
1027 1146 1100 1206 vitae,
1109 1146 1150 1196 rel
1161 1161 1221 1196 num
1232 1145 1283 1196 vita
1291 1146 1322 1196 sit
1330 1160 1373 1194 na·

248 1232 331 1275 turae:
359 1223 408 1293 (a.)
422 1225 490 1274 Num
498 1233 610 1273 centrum
620 1223 652 1273 sit
660 1223 771 1289 expansi,
781 1223 820 1272 vel
830 1239 890 1272 num
901 1239 1036 1288 expansum
1044 1223 1076 1272 sit
1087 1223 1177 1273 centri:
1201 1224 1250 1290 (3.)
1264 1225 1304 1273 De
1316 1238 1373 1274 ceu·

247 1311 287 1352 tro
297 1309 323 1351 et
333 1315 443 1366 expanso
455 1310 556 1351 naturae
568 1309 592 1350 et
603 1299 669 1350 vitae
683 1299 719 1366 (n
729 1299 786 1364 568,
795 1315 852 1365 pag.
863 1311 894 1363 79
906 1306 1010 1360 [DeAm.
1021 1307 1092 1356 cm„
1101 1319 1123 1348 a.
1133 1299 1200 1366 ³⁸⁰li·

302 1425 343 1476 De
360 1425 470 1491 quodam
483 1425 565 1486 horto,
576 1423 602 1473 in
620 1439 670 1490 quo
686 1423 757 1490 plura
773 1425 843 1490 paria
860 1424 1002 1489 conjugum,
1016 1431 1041 1475 ct
1056 1423 1091 1474 ibi
1108 1423 1223 1489 loquelae
1236 1424 1374 1482 demone,

249 1501 379 1568 sapientia,
391 1510 415 1551 et
426 1517 485 1559 usur
503 1501 572 1567 quod
583 1502 629 1551 tria
638 1501 681 1550 iila
692 1501 826 1566 procedant
839 1516 855 1550 a
867 1501 985 1561 Domino,
997 1508 1022 1550 et
1033 1501 1101 1566 quod
1113 1501 1172 1550 inde
1184 1516 1253 1550 amor
1264 1499 1374 1565 conjugi-

250 1579 296 1628 alis
309 1586 334 1628 et
346 1579 400 1644 ejus
412 1577 550 1628 ineflabiles
562 1577 680 1640 deliciae;
698 1575 831 1644 dequibus
842 1586 866 1628 et
878 1591 982 1644 quorum
996 1577 1099 1642 origine,
1111 1577 1189 1628 multa
1202 1579 1239 1646 (u.
1249 1577 1305 1642 763,
1314 1593 1371 1643 pag.

248 1669 277 1717 41
289 1661 393 1715 [Derim.
404 1661 475 1712 ὤν’..
484 1675 506 1703 rr.
518 1655 581 1718 1831).

299 1780 340 1830 De
348 1780 440 1845 juvene
450 1779 571 1844 gloriante
582 1795 615 1828 ex
626 1778 782 1838 scortatione,
790 1779 833 1845 qui
845 1778 936 1830 (ludus
947 1779 975 1829 in
985 1767 1121 1840 caelum,e't
1135 1779 1169 1828 ibi
1180 1795 1224 1844 per
1233 1779 1299 1828 vices
1307 1787 1375 1829 tene·

249 1856 321 1906 betur
331 1856 358 1904 in
369 1856 476 1905 externis
486 1865 511 1906 et
528 1871 572 1920 per
582 1855 651 1905 vices
663 1855 691 1904 in
702 1855 818 1916 internis;
837 1863 861 1906 et
873 1855 940 1921 quod
952 1855 1013 1905 dum
1027 1855 1053 1906 in
1065 1855 1172 1905 externis
1183 1855 1273 1906 viderit
1283 1855 1374 1906 caeles·

249 1934 292 1994 tia,
304 1941 329 1983 at
345 1947 405 1982 vero
412 1933 478 2076 Jdum
494 1932 521 1981 in
537 1931 640 1982 internis
650 1931 740 1982 viderit
756 1931 869 1998 oppositi
887 1931 929 2001 (de
941 1933 1038 1999 quibus,
1050 1947 1076 1982 n.
1086 1931 1143 1996 852,
1154 1947 1212 1998 pag.
1225 1942 1256 1995 77
1269 1939 1313 1994 [De
1320 1941 1372 1982 An.

253 2016 324 2067 cova,
332 2029 354 2058 ¹¹·
365 2015 410 2068 ιιι]
426 2045 432 2059 ·

301 2123 377 2189 Quod
388 2122 515 2189 sequendo
526 2122 608 2172 lucem
620 2122 732 2172 venerim
743 2123 776 2172 ad
787 2121 922 2188 Templum
934 2123 1083 2188 Sapientiae,
1096 2123 1189 2172 circam
1200 2123 1268 2188 quod
1279 2121 1375 2174 habita·

252 2199 312 2249 bant
323 2199 458 2266 sapientem
476 2206 502 2248 et
514 2198 550 2248 ibi
563 2213 645 2248 sermo
657 2212 713 2249 cnm
727 2197 777 2248 illis
790 2198 823 2248 de
838 2212 912 2248 cansa
924 2197 1114 2266 pulchritudinis
1125 2213 1199 2248 sexus
1212 2197 1326 2248 seminini
1337 2199 1374 2266 (n.

251 2275 315 2336 1018,
326 2291 384 2341 pag.
395 2285 427 2338 45
439 2281 484 2336 [Dr
491 2283 544 2324 Am.
556 2281 628 2333 Comi,
636 2294 659 2325 rr.
669 2273 725 2343 56]).

301 2401 342 2450 Dc
353 2399 424 2450 novis
432 2399 545 2450 revelatis
555 2416 572 2450 a
584 2399 707 2450 Dominor
724 2407 752 2450 ut
760 2399 793 2450 de
801 2415 875 2450 sensu
886 2398 1006 2464 spirituali
1014 2397 1099 2460 Verbi,
1111 2405 1136 2448 et
1147 2371 1375 2464 correqrorrdentiis.

251 2477 283 2528 de
300 2477 370 2526 caelo
387 2486 412 2526 et
428 2475 533 2538 inferno,
545 2477 578 2526 de
594 2475 690 2526 mundo
706 2475 826 2542 spirituali
845 2485 870 2526 et
887 2475 944 2527 Sole
957 2475 1003 2536 ibi;
1021 2483 1073 2526 tum
1088 2476 1120 2525 de
1134 2491 1217 2525 amore
1234 2473 1375 2540 conjngiali,

250 2553 317 2618 quod
329 2553 360 2602 sit
370 2554 506 2602 secundum
519 2552 678 2618 religionem:
696 2553 741 2603 sed
753 2553 821 2619 quod
832 2568 883 2602 non
894 2552 1042 2618 recipiantur
1053 2551 1079 2600 in
1090 2551 1194 2611 mundo,
1205 2558 1320 2602 testatum
1331 2565 1376 2616 per

251 2629 428 2695 experientiam
440 2628 478 2698 (u.
486 2628 550 2690 1108,
561 2645 618 2694 pag.
628 2628 691 2696 88[?
702 2629 749 2696 48]
756 2647 765 2691 3
783 2629 847 2679 adde
858 2638 891 2692 50
902 2635 947 2688 [De
955 2637 1006 2677 Am.
1020 2635 1090 2686 Corp'„
1099 2647 1121 2676 n.
1132 2625 1253 2694 samad)-

301 2753 747 2824 Ventilationesasapientibusffr.)
763 2754 830 2820 Quid
838 2751 1151 2818 irnagoDeietsimilitudo
1159 2752 1223 2806 Dei:
1239 2750 1288 2821 (a.)
1301 2750 1376 2817 Quod

252 2831 329 2880 ltomo
339 2838 453 2880 nascatur
462 2830 490 2880 in
501 2830 597 2880 nullum
609 2845 719 2880 amorem
733 2838 758 2880 et
770 2830 797 2880 in
809 2829 903 2879 nullam
915 2828 1043 2878 edendam
1057 2828 1120 2877 sicut
1131 2827 1233 2887 bestiae,
1244 2827 1289 2877 sed
1300 2827 1327 2876 in
1337 2841 1376 2875 so·

251 2906 304 2956 lum
320 2905 462 2956 facultatem
478 2907 512 2956 ad
531 2907 661 2956 sciendum
682 2914 707 2958 et
726 2906 913 2956 inclinationem
930 2905 963 2956 ad
979 2904 1131 2954 amandum:
1160 2902 1209 2972 (3.)
1228 2903 1269 2953 De
1289 2903 1376 2952 arbore

251 2983 316 3033 vitae
327 2990 352 3033 et
362 2982 394 3031 de
402 2982 490 3032 arbore
496 2982 615 3032 scientiae
622 2983 682 3032 boni
691 2991 716 3034 ct
725 2982 783 3032 mali
792 2983 829 3051 (ιι.
839 2995 904 3046 1193,
911 2997 967 3047 pag.
978 2979 1011 3030 60
1021 2987 1066 3041 [De
1074 2987 1202 3037 Amcm'„
1211 2998 1233 3029 ιι.
1245 2978 1365 3046 13²-¹³⁶])·

302 3108 343 3158 De
355 3107 494 3168 Athenaeo,
504 3109 641 3170 Parnassio,
650 3117 675 3158 et
684 3109 833 3170 Heliconeo,
845 3115 870 3159 et
880 3106 981 3173 loquela
992 3121 1049 3156 curn
1060 3105 1162 3156 vetustis
1173 3104 1257 3171 sophia
1269 3119 1300 3155 ac
1310 3103 1376 3154 binis

253 3185 356 3235 advenis
369 3201 383 3234 e
394 3193 467 3246 terna,
480 3185 513 3235 de
523 3185 666 3235 horninibus
680 3186 787 3235 inventis
798 3185 824 3234 in
834 3183 910 3244 silvis,
923 3191 948 3234 et
959 3183 991 3233 de
1003 3183 1052 3233 illis
1064 3199 1127 3249 quae
1139 3199 1185 3248 pro
1196 3191 1283 3232 natura
1294 3191 1319 3233 et
1329 3197 1374 3248 pto

252 3261 303 3312 vita
314 3261 557 3402 bestiarumpelativa
568 3263 685 3314 advitam
698 3263 827 3312 hominum
838 3261 954 3312 diamant
963 3261 1000 3328 (n.
1008 3271 1072 3325 1251,
1081 3275 1138 3326 pag.
1148 3259 1181 3322 64
1188 3265 1233 3320 [De
1240 3268 1292 3308 Aur.
1304 3267 1376 3317 aaut,

252 3359 275 3388 ι.
286 3347 449 3400 mumdum]
461 3377 467 3390 .

303 3453 378 3519 Quod
391 3455 479 3505 iterum
493 3455 526 3504 ad
539 3454 698 3504 Athenaeum
711 3451 813 3502 adducti
827 3453 876 3502 sint
888 3459 937 3503 tros
951 3453 1071 3514 advenae,
1082 3451 1204 3514 sacerdos,
1218 3451 1340 3518 politicus,
1352 3459 1377 3501 et

253 3531 422 3598 philosophus,
434 3532 477 3598 qui
490 3529 624 3581 retulerunt
638 3529 670 3578 de
682 3529 752 3578 novis
764 3538 853 3579 eterra
866 3529 933 3595 qnod
946 3530 1048 3596 qnidam
1059 3529 1181 3595 scripserit
1193 3529 1225 3579 de
1236 3529 1287 3580 vita
1297 3527 1376 3578 borni·

254 3623 313 3658 num
321 3615 377 3675 port
387 3617 492 3658 mortem
503 3613 528 3657 et
539 3606 571 3656 de
582 3606 677 3656 mundo
687 3605 815 3671 spirituali,
828 3614 853 3656 ct
864 3605 926 3672 quid
939 3606 972 3656 dc
983 3606 1023 3656 iris
1033 3605 1210 3656 ratiocinantur
1221 3606 1248 3656 in
1258 3604 1349 3675 terris(
1368 3641 1374 3654 .

255 3685 326 3746 1286,
336 3700 395 3750 pag.
407 3683 440 3734 66
452 3690 496 3744 [De
504 3692 556 3733 Au«.
569 3689 669 3740 Coma.
681 3681 747 3751 ιω).

304 3809 436 3860 Tumultus
448 3816 532 3859 contra
542 3815 591 3859 tres
602 3808 742 3859 sacerdotes
753 3809 797 3876 qni
808 3809 1011 3876 praedicaverunt
1022 3807 1090 3875 qnod
1102 3808 1219 3859 adulteris
1229 3823 1281 3859 non
1292 3808 1323 3860 sit
1333 3825 1375 3876 ag·

254 3885 316 3936 ultio
330 3885 389 3946 Dei,
403 3893 427 3936 et
443 3885 502 3934 inde
522 3899 573 3934 non
587 3885 697 3947 caelum
721 3893 747 3936 et
763 3885 823 3952 quid
849 3887 889 3936 llis
902 3887 1011 3936 evenerit
1027 3901 1042 3936 e
1058 3884 1129 3935 caelo
1144 3887 1181 3955 (n.
1194 3899 1264 3951 r3oo,
1275 3901 1331 3952 pag.
1345 3899 1375 3952 75

255 3969 359 4024 [nonu.
371 3969 441 4020 Coti.
450 3981 472 4012 a
483 3963 550 4030 aeoli·

306 4087 346 4136 De
357 4086 451 4136 novitio
467 4086 510 4153 qni
522 4085 654 4136 meditatus
665 4095 702 4138 est
715 4086 748 4138 de
762 4085 832 4138 caelo
846 4093 870 4137 et
883 4085 988 4148 interno,
1000 4087 1039 4136 cui
1053 4085 1149 4138 dicium
1163 4085 1231 4152 qnod
1245 4085 1377 4152 inquireret

255 4171 280 4214 et
291 4163 397 4214 disceret
407 4163 468 4229 quid
477 4163 632 4229 jucundum3
651 4173 676 4214 et
689 4163 757 4230 quod
770 4162 893 4214 deductus
905 4163 936 4213 sit
947 4164 979 4212 ad
993 4171 1042 4212 tres
1054 4164 1136 4213 caelos
1147 4163 1174 4212 in
1187 4162 1277 4229 quibus
1290 4161 1377 4212 didicit

255 4239 316 4385 (464((1
327 4239 467 4306 jucundum
478 4239 541 4290 caeli
554 4249 579 4291 et
592 4239 652 4307 quid
664 4239 802 4307 jucundum
816 4239 906 4290 inlerni
921 4239 956 4308 (ιι.
966 4253 1036 4304 1344,
1047 4255 1104 4306 pag.
1116 4250 1149 4304 54
1160 4245 1205 4300 [De
1212 4248 1264 4289 Ana.
1273 4245 1344 4298 w..
1353 4257 1375 4286 ιι.

306 4431 440 4498 spirituum
450 4432 584 4500 disputatio
597 4434 629 4482 de
642 4433 699 4483 Deo
710 4439 736 4482 et
748 4430 780 4481 de
792 4439 887 4492 natura,
898 4446 942 4497 pro
955 4438 1042 4481 natura
1055 4446 1086 4480 ex
1097 4429 1211 4490 diabolis,
1223 4436 1248 4479 et
1260 4443 1306 4495 po
1320 4427 1377 4478 Deo

255 4525 287 4559 ea
298 4507 406 4574 angelis3
424 4517 450 4560 et
459 4510 529 4575 qnod
539 4508 615 4560 bomo
628 4516 742 4574 porratae
755 4523 800 4573 pro
811 4509 869 4558 Deo
882 4505 1026 4558 confirmare
1038 4523 1071 4558 ex
1083 4505 1222 4556 visibilibus
1234 4505 1290 4572 plus
1302 4519 1377 4571 quam

256 4600 301 4650 pro
318 4593 417 4645 natum
440 4585 515 4636 allata
531 4599 595 4651 quae
612 4585 644 4635 de
660 4583 710 4635 hoc
726 4585 815 4651 scripta
831 4583 930 4636 suntin
947 4585 1079 4651 Sapr'ean'a
1094 4583 1218 4650 Angels'ca
1233 4583 1264 4633 de
1276 4581 1378 4632 Divim

257 4663 350 4712 Amore
359 4668 383 4712 τι·
393 4661 495 4712 Divina
507 4661 637 4728 Sapientia
650 4660 687 4730 (n.
698 4661 766 4727 1458,
778 4679 834 4728 pag.
847 4661 909 4730 82[?
921 4661 967 4728 62]
983 4667 1028 4722 [De
1036 4670 1086 4711 Aur.
1101 4669 1170 4720 ὓιυὶ,
1180 4679 1203 4711 ιι.
1214 4658 1334 4726 μ5-4υ1).
