3338 5300
300 649 336 718 52
767 647 939 700 cononis.

297 808 354 872 Ad
382 809 471 874 hunc
495 808 596 875 finem
620 831 706 894 quae
730 831 831 874 causa
855 813 966 874 media
989 811 1179 894 promotrix
1203 820 1238 875 et
1261 808 1413 875 effedtrix

294 905 361 968 alia
383 925 484 988 quam
502 905 644 987 religio?
686 905 733 970 Et
756 907 834 988 quid
858 907 977 990 religio
996 907 1086 970 aliud
1107 927 1207 990 quam
1227 906 1414 970 ambulatio

293 1020 370 1064 cum
391 1000 488 1063 Deo?
532 1001 579 1064 Et
603 1000 722 1084 religio
740 1013 794 1066 est
817 1004 903 1066 sicut
922 1023 1039 1066 semen
1059 1004 1249 1086 producens
1264 1001 1355 1082 justa
1378 1011 1413 1066 et

293 1115 374 1158 vera
396 1096 573 1171 desideria,
594 1107 629 1160 et
652 1097 731 1160 inde
751 1096 875 1179 judicia
898 1107 932 1161 et
956 1095 1043 1174 adia,
1063 1101 1096 1162 in
1121 1097 1357 1181 spiritualibus
1378 1107 1413 1160 et

293 1211 353 1272 per
379 1189 464 1253 haec
492 1191 525 1254 in
553 1191 746 1268 moralibus,
771 1213 897 1275 perque
923 1193 1008 1258 haec
1036 1203 1071 1256 et
1101 1193 1160 1257 illa
1190 1194 1222 1256 in
1250 1192 1412 1256 civilibus.

292 1285 343 1348 Ut
367 1305 450 1366 ergo
469 1287 594 1349 sciatur
612 1286 720 1368 qualis
742 1286 847 1350 homo
866 1298 919 1352 est
945 1289 998 1352 cui
1021 1299 1074 1352 est
1097 1288 1226 1370 religio,
1247 1297 1282 1350 et
1305 1287 1413 1371 qualis

292 1379 345 1442 cui
365 1399 433 1442 non
452 1379 583 1461 religi0‚
603 1382 744 1453 dicetur,
790 1382 906 1446 Homo
924 1384 978 1446 cui
996 1394 1049 1447 est
1068 1382 1197 1464 religio,
1218 1393 1271 1446 est
1289 1382 1323 1446 in
1341 1381 1412 1462 spi-

292 1473 473 1536 ritualibus
486 1476 572 1537 sicut
583 1473 790 1557 pelecanus1¹¹
800 1477 896 1540 alens
908 1477 1019 1560 pullos
1031 1479 1196 1560 sanguine
1209 1496 1269 1539 suo
1281 1498 1288 1554 ;
1309 1476 1413 1539 horno

290 1578 407 1631 autem
427 1569 480 1630 cui
496 1589 564 1631 non
583 1569 713 1651 religio,
730 1573 833 1634 estin
850 1571 915 1634 illis
934 1574 1020 1635 sicut
1039 1571 1153 1635 vultur
1171 1572 1203 1634 in
1222 1571 1334 1634 inedia
1352 1571 1412 1633 de·

291 1675 421 1726 vorans·
435 1665 628 1746 prosapiam
644 1684 749 1728 suam.
796 1665 911 1730 Homo
935 1668 987 1730 cui
1006 1676 1059 1731 est
1082 1665 1213 1748 religio,
1233 1676 1269 1729 et
1292 1665 1326 1729 in
1345 1687 1412 1728 mo·

291 1756 423 1820 ralibus
443 1767 496 1822 est
515 1761 602 1822 sicut
622 1768 731 1822 turtur
749 1761 782 1823 in
806 1762 886 1824 nido
905 1781 982 1824 cum
1002 1782 1061 1824 sua
1081 1771 1210 1824 turture
1229 1781 1328 1843 super
1345 1761 1413 1822 suis

291 1853 364 1914 ovis
377 1861 436 1914 aut
453 1852 571 1934 pullis;
596 1854 699 1916 homo
711 1865 826 1918 autem
839 1857 891 1918 cui
908 1875 976 1918 non
989 1855 1118 1937 religio,
1132 1857 1165 1918 in
1183 1855 1247 1918 illis
1260 1865 1313 1918 est
1326 1857 1412 1918 sicut

292 1945 413 2008 milvus
427 1943 512 2027 [vel]
526 1947 689 2028 accipiter
704 1949 737 2010 in
753 1968 859 2012 cavea
871 1949 914 2012 ad
930 1948 1184 2012 columbarium.
1231 1947 1347 2010 Homo
1360 1948 1412 2010 cui

291 2049 345 2103 est
364 2039 494 2121 religio,
511 2041 545 2102 in
556 2040 703 2120 politicis
719 2051 772 2105 est
787 2044 874 2106 sicut
891 2063 1017 2124 cycnus
1033 2043 1153 2106 volans
1169 2061 1246 2106 cum
1262 2043 1363 2105 botro
1379 2041 1411 2104 in

291 2155 370 2212 ore;
401 2145 437 2197 at
460 2129 640 2198 homo'cui
663 2155 731 2198 non
754 2135 884 2218 religio,
904 2139 938 2200 in
961 2135 1027 2200 illis
1050 2147 1103 2200 est
1126 2138 1213 2200 sicut
1236 2136 1411 2199 basiliscus

291 2247 368 2293 cum
386 2229 490 2293 herba
506 2231 662 2293 toxicata
680 2232 713 2292 in
733 2252 800 2294 ore.
847 2231 963 2295 Homo
982 2233 1035 2296 cui
1053 2243 1106 2296 est
1125 2231 1255 2312 religi0‚
1276 2231 1308 2294 in
1316 2231 1413 2313 judi-

290 2323 409 2388 ciariis
428 2333 481 2387 est
498 2325 585 2388 sicut
601 2325 753 2390 tribunus
769 2327 924 2409 equitans
941 2347 1040 2408 super
1054 2347 1223 2408 generoso
1242 2347 1329 2408 equo
1343 2347 1351 2404 ;
1374 2337 1411 2390 at

290 2418 395 2482 homo
418 2421 470 2482 cui
493 2439 562 2482 non
580 2419 710 2500 religio,
730 2430 784 2484 est
807 2422 840 2482 in
864 2420 928 2484 illis
951 2422 1038 2484 sicut
1057 2419 1196 2485 coluber
1218 2421 1251 2483 in
1274 2421 1411 2484 deserto

290 2513 450 2588 Arabiae,
466 2533 523 2576 ore
540 2515 699 2576 mordens
712 2516 855 2578 caudam
872 2524 1027 2590 suamet
1044 2535 1080 2580 se
1096 2515 1130 2577 in
1146 2513 1316 2578 volumine
1332 2535 1410 2596 pro·

286 2608 406 2691 jiciens
429 2628 528 2690 super
550 2627 684 2691 equum,
709 2609 1001 2690 circumligaturus
1024 2611 1245 2692 equitantem.
1295 2608 1410 2672 Homo

290 2703 343 2766 cui
364 2713 417 2766 est
440 2701 570 2784 religio,
590 2703 625 2764 in
646 2701 798 2766 cibz'libus
817 2693 954 2784 reliqicis
973 2713 1025 2766 est
1044 2705 1131 2767 sicut
1150 2705 1306 2785 princeps
1324 2703 1410 2766 filius

289 2797 379 2878 regis
395 2796 566 2878 proferens
582 2797 727 2877 insignia
743 2797 919 2860 charitatis
934 2805 969 2860 et
989 2796 1163 2878 elegantia
1177 2798 1349 2876 veritatis;
1373 2807 1409 2861 at

290 2891 394 2954 homo
417 2891 469 2954 cui
492 2909 560 2952 non
583 2890 713 2972 religio,
738 2900 791 2954 est
814 2893 901 2954 sicut
924 2893 1049 2974 triceps
1072 2892 1165 2956 canis
1188 2889 1353 2955 Cerberus
1376 2892 1408 2955 in

290 2985 380 3049 ostio
406 2985 450 3048 ad
477 2986 604 3048 curiam
628 2984 791 3062 Plutonis,
816 3005 861 3048 ex
888 2985 1011 3068 triplici
1037 3005 1098 3049 suo
1120 3007 1179 3050 ore
1202 3005 1408 3068 exspumans

290 3080 436 3143 aconita.

352 3188 421 3256 41.
453 3173 561 3254 Hujus
584 3171 761 3238 Ecclesiae
785 3183 896 3237 status
919 3175 1220 3257 successivos,·qui
1243 3183 1321 3240 sunt
1354 3196 1407 3238 or·

290 3277 345 3332 tus
369 3287 427 3330 seu
451 3287 561 3342 mane,
586 3269 778 3350 progressio
801 3269 834 3330 in
868 3267 979 3332 lucem
1003 3277 1038 3332 et
1071 3269 1154 3344 dies,
1178 3269 1328 3332 vastatio
1350 3289 1409 3332 seu

289 3381 441 3443 vespera,
462 3381 501 3425 ac
526 3363 776 3426 consummatio
799 3383 857 3424 seu
881 3383 963 3438 nox,
986 3383 1055 3426 non
1078 3362 1159 3426 licet
1181 3363 1408 3446 descriptione

289 3457 445 3539 persequi
477 3456 764 3538 quemadmodum
784 3457 873 3538 prius
892 3467 1003 3520 status
1022 3451 1320 3540 Antiquissimaeffl
1340 3457 1407 3522 Ec·

290 3550 424 3626 clesiae,
436 3551 595 3632 quoniam
609 3559 719 3614 status
731 3549 819 3613 illius
830 3549 1006 3614 Ecclesiae
1019 3571 1087 3614 non
1101 3551 1254 3615 similiter
1265 3561 1408 3634 possunt

290 3646 406 3726 colligi
428 3667 474 3708 ex
498 3655 615 3708 nostro
639 3643 776 3722 Verbo;
810 3655 1018 3708 memoratur
1040 3645 1131 3709 enim
1157 3645 1202 3708 ibi
1229 3647 1409 3727 progenies

290 3741 422 3804 Noachi
441 3761 486 3803 ex
509 3740 616 3803 tribus
635 3739 705 3820 ejus
727 3739 802 3802 liliis
822 3740 925 3803 modo
947 3740 982 3802 in
1004 3760 1147 3815 summa,
1168 3759 1234 3804 una
1257 3739 1408 3804 alterave

289 3837 433 3919 pagina;
458 3855 497 3897 ac
518 3835 652 3916 insuper
673 3833 734 3897 luit
758 3834 915 3898 Ecclesia
937 3833 995 3898 illa
1018 3855 1077 3917 per
1099 3835 1194 3917 plura
1212 3853 1318 3916 regna
1340 3835 1408 3897 dis·

289 3951 397 4012 persa,
426 3941 462 3993 et
492 3929 525 3991 in
551 3928 692 4010 singulis
718 3928 779 3992 fuit
809 3929 867 3992 illa
893 3931 1032 4005 variata,
1053 3939 1089 3994 et
1118 3929 1197 3993 inde
1223 3928 1346 3992 subivit
1373 3937 1407 3992 et

289 4025 452 4108 percurrit
475 4023 534 4086 illa
553 4021 662 4086 dictos
686 4033 797 4086 status
820 4024 1055 4088 diversimode.

351 4129 437 4199 duod
449 4129 567 4210 primus
582 4134 616 4191 ot
633 4130 790 4192 secundus
803 4135 907 4192 status
921 4129 1009 4192 illius
1025 4130 1058 4192 in
1074 4129 1267 4210 regionibus
1283 4128 1407 4192 circum

287 4223 472 4307 Jordanem
485 4232 520 4286 et
531 4221 620 4285 circa
630 4221 832 4306 Aegyptum
842 4223 939 4287 suerit
953 4225 1039 4288 sicut
1057 4229 1077 4258 ‘⁴
1087 4222 1217 4288 Hortus
1228 4221 1408 4305 Jehovae,'’

290 4327 427 4382 constat
447 4339 492 4381 ex
508 4318 578 4380 his:

340 4465 400 4515 Fuit
413 4463 679 4580 PlanitiesZJordanis
694 4467 710 4490 ¹¹
719 4465 787 4546 sicpt
800 4463 904 4516 Hortus
916 4465 1043 4532 Jehovae,
1055 4466 1122 4516 sieut
1134 4465 1218 4516 Terra
1229 4463 1345 4529 Aegypti
1358 4479 1407 4532 qua

419 4541 526 4580 venitur
558 4530 627 4580 oar''
639 4530 712 4592 (Gen.
723 4533 777 4582 xiu.
792 4531 839 4592 ιο).
