3352 5298
438 677 487 730 nr
509 679 594 747 aJus
616 679 814 734 0001111111
836 653 1110 754 clansam-'ru
1127 674 1200 755 s58.
1336 687 1376 757 95

536 825 542 848 Ι

321 848 376 902 ¹51.
385 851 494 902 amatis
506 866 553 903 eoa
566 853 610 916 qni
623 867 673 904 voe
685 863 786 912 amant.
797 869 864 918 quae
877 857 954 906 vobis
965 856 1051 920 gratia
1064 859 1134 908 esti.
1145 893 1166 907 ..
1177 871 1264 907 ,nam
1275 871 1380 922 pecca-

393 926 466 967 tores
480 917 551 967 idem
565 917 675 970 iaciunt.
697 919 854 970 ...Potius
865 930 954 971 amate
968 923 1092 971 inimicos
1104 933 1217 982 vestros,
1229 932 1257 972 et
1270 922 1380 972 beneia-

393 982 453 1042 cite‚
465 993 546 1047 atque
563 993 656 1033 mutuo
670 985 739 1043 date,
752 985 829 1036 nihil.
840 996 1006 1048 ,sputamen
1028 997 1090 1036 tunc
1107 988 1158 1038 erit
1172 1001 1274 1038 meroes
1289 997 1380 1038 vestra

393 1062 499 1111 magns,
511 1057 539 1098 et
550 1049 625 1100 eritis
637 1049 683 1100 filil
695 1050 828 1104 Altissimi
836 1050 851 1070 ''
862 1052 906 1124 (vi.
916 1053 1015 1114 32-35).

263 1186 365 1272 Quod
383 1190 488 1256 homo
506 1212 575 1256 non
594 1194 702 1276 possit
721 1193 831 1258 iacere
850 1195 976 1258 bonum
995 1215 1041 1259 ex
1060 1215 1096 1260 se
1115 1205 1153 1260 ut
1171 1195 1216 1260 sit
1239 1195 1377 1287 bonum,

261 1285 367 1348 etiam
386 1285 489 1350 docet
509 1285 686 1363 Dominus,
704 1289 793 1371 apud
810 1288 1010 1364 Johannem,

312 1419 328 1440 ¹·
337 1416 398 1468 Non
406 1427 495 1481 potest
503 1419 586 1470 homo
595 1434 701 1470 sumere
708 1423 857 1486 quicquam,
868 1422 919 1472 nisi
931 1423 967 1472 ait
976 1422 1068 1473 darum
1080 1423 1118 1472 illi
1130 1437 1146 1474 e
1158 1423 1233 1474 caelo
1241 1421 1255 1443 '⁹
1264 1421 1311 1487 (ili.
1322 1423 1379 1486 27):

262 1572 299 1627 et
318 1561 409 1641 alibi,

311 1675 390 1742 Jeaue
399 1677 475 1736 dixit.
486 1677 530 1728 “E
549 1693 635 1730 onum
644 1679 722 1739 Vitis.
732 1695 781 1732 vos
791 1680 915 1744 palmites
926 1677 960 1739 ;’'.
972 1718 977 1731 .
987 1717 993 1731 .
1004 1680 1105 1730 .‘⁴slcut
1114 1678 1217 1744 palmes
1226 1693 1281 1729 non
1291 1688 1381 1744 potest

393 1743 464 1794 ierre
475 1744 518 1794 iru
546 1759 592 1794 um
604 1760 621 1795 a
632 1757 725 1804 semet,
739 1747 790 1796 nisi
802 1747 933 1796 manserit
944 1747 971 1795 in
984 1747 1047 1805 vite,
1058 1747 1095 1795 ita
1106 1759 1156 1796 nec
1167 1759 1217 1794 voa
1229 1745 1281 1795 nisi
1293 1745 1320 1794 in
1335 1744 1381 1794 Me

394 1810 548 1859 manseritis
557 1827 576 1861 :.
586 1847 593 1860 .
603 1847 609 1860 .
619 1807 702 1874 ‚1¹1qui
718 1821 809 1860 manet
823 1813 850 1860 ln
867 1811 913 1861 Me
927 1819 954 1861 et
974 1809 1031 1874 Ego
1046 1812 1072 1860 in
1092 1811 1147 1870 illo,
1162 1811 1184 1860 ia
1199 1810 1251 1860 lert
1264 1807 1381 1860 studium

395 1875 524 1934 mnltnm;
541 1889 604 1924 nam
616 1876 669 1926 nisi
682 1891 699 1926 a
711 1875 758 1926 Me
771 1891 825 1926 non
838 1877 951 1940 potestis
963 1875 1051 1926 lacere
1063 1877 1203 1940 quicquam
1211 1874 1226 1896 ”
1237 1874 1291 1940 (xv.
1303 1875 1369 1937 4-8)

323 2044 418 2114 155.
447 2027 536 2112 Quia
560 2049 663 2093 omne
688 2029 817 2093 bonum
843 2039 879 2094 et
896 2049 1013 2093 verum
1039 2039 1095 2093 est
1120 2050 1140 2093 a
1162 2028 1326 2104 Domino,
1344 2037 1381 2092 et

264 2121 347 2186 nihil
363 2123 407 2186 ab
422 2120 571 2197 homine,
584 2132 620 2187 et
636 2125 715 2206 quia
730 2123 856 2186 bonum
873 2123 917 2186 ab
933 2123 1070 2186 homine
1087 2142 1154 2186 non
1171 2131 1225 2186 est
1240 2121 1380 2196 bonum,

263 2218 414 2301 sequitur
432 2217 523 2300 quod
547 2217 629 2284 nulli
652 2217 781 2281 homini
801 2219 845 2281 sit
865 2215 1033 2290 meritum
1054 2216 1114 2280 sed
1132 2215 1196 2279 soli
1220 2215 1380 2279 Domino.

264 2311 425 2376 Meritum
449 2310 586 2374 Domini
609 2319 674 2386 est,
694 2311 785 2394 quod
807 2333 852 2376 ex
873 2312 1006 2394 propria
1024 2310 1181 2394 potentia
1198 2307 1382 2374 salvaverit

264 2425 372 2487 genus
388 2405 584 2480 humanum,
598 2414 634 2468 et
649 2425 783 2488 quoque
799 2407 890 2488 quod
907 2405 1017 2469 salvet
1031 2403 1108 2468 illos
1124 2404 1180 2486 qui
1195 2403 1321 2467 bonum
1338 2403 1382 2467 ab

265 2501 346 2583 Ipso
361 2500 498 2564 iaciunt.
539 2499 624 2564 Inde
640 2509 693 2564 est
711 2501 800 2584 quod
817 2501 850 2563 in
867 2499 985 2564 Verbo
1000 2498 1137 2581 “justus
1145 2497 1160 2523 ''
1172 2497 1314 2570 dicatur.
1328 2499 1382 2562 cui

265 2595 444 2659 addicatur
456 2595 613 2658 meritum
626 2604 662 2658 et
674 2593 806 2676 justitia
823 2594 971 2669 Domini,
985 2613 1024 2657 ac
1039 2592 1210 2674 “injustus
1217 2590 1233 2618 ’'
1245 2592 1298 2656 cui
1310 2590 1381 2673 jus·
1422 2603 1425 2612 ’

265 2690 342 2754 titia
360 2690 496 2772 propria
510 2698 546 2753 et
563 2689 721 2752 meritum
737 2691 798 2753 sui.

323 2787 421 2870 156.
447 2785 528 2869 Ipsa
538 2785 747 2868 jucunditas,
759 2807 845 2870 quae
860 2787 951 2850 inest
967 2784 1075 2848 amori
1090 2783 1237 2848 faciendi
1251 2782 1381 2847 bonum

264 2879 391 2962 absque
421 2877 487 2943 fine
516 2880 810 2954 remunerationis,
842 2889 896 2944 est
926 2897 1056 2942 merces
1085 2897 1172 2959 quae
1202 2885 1318 2938 manet
1347 2876 1381 2938 in

264 2983 453 3048 aeternum,
470 2991 548 3036 nam
568 2974 601 3036 in
620 2973 653 3036 id
673 2973 799 3036 bonum
819 2973 1008 3037 insinuatur
1025 2971 1160 3035 caelum
1179 2980 1214 3035 et
1236 2967 1381 3034 felicitas

264 3079 405 3133 aeterna
423 3088 443 3132 a
463 3067 621 3132 Domino.

323 3177 415 3248 157.
444 3162 608 3246 Cogitate
630 3172 666 3228 et
688 3163 829 3228 credere
850 3163 942 3246 quod
960 3163 993 3227 in
1016 3160 1150 3226 caelum
1165 3161 1307 3224 veniant
1325 3158 1382 3242 qui

264 3257 390 3322 bonum
417 3257 554 3332 iaciunt,
579 3267 615 3322 et
637 3273 772 3343 quoque
798 3257 888 3340 quod
911 3256 1037 3320 bonum
1063 3253 1253 3318 laciendum
1276 3253 1321 3316 sit
1344 3260 1382 3316 ut

264 3353 297 3416 in
321 3352 454 3417 caelum
472 3351 624 3427 veniant,
644 3371 713 3414 non
736 3360 789 3415 est
813 3347 967 3434 spedtare
990 3347 1183 3413 mercedem
1206 3355 1243 3410 ut
1266 3345 1381 3420 finem,

265 3445 398 3527 itamec
422 3465 549 3529 ponere
572 3447 730 3510 meritum
752 3446 786 3509 in
809 3444 976 3528 operibus,
1001 3462 1080 3506 nam
1105 3441 1139 3505 id
1165 3439 1323 3522 cogitant
1346 3447 1383 3503 et

265 3541 409 3605 credunt
432 3541 536 3604 etiam
560 3540 608 3604 illi
627 3539 683 3623 qui
706 3539 831 3603 bonum
854 3539 982 3603 iaciunt
1003 3557 1023 3600 a
1046 3536 1216 3614 Domino;
1243 3533 1304 3599 sed
1326 3535 1383 3618 qui

264 3637 313 3700 ita
343 3636 513 3719 cogitant,
540 3635 684 3700 credunt
714 3645 750 3700 et
773 3635 911 3710 iaciunt,
935 3642 971 3697 et
995 3651 1064 3696 non
1094 3631 1141 3694 in'
1157 3648 1273 3694 amore
1302 3628 1383 3692 boni

265 3740 405 3814 propter
422 3731 549 3794 bonum
566 3739 657 3807 sunt,
674 3729 722 3793 illi
738 3726 895 3812 spediant
912 3737 948 3792 et
964 3736 1106 3811 ponunt.

662 3947 982 4002 (mmmmm)

317 4051 403 4124 158.
428 4049 517 4124 Quod
531 4050 587 4108 soli
601 4049 734 4106 Domino
746 4049 885 4105 meritum
897 4058 929 4104 et
940 4047 1056 4120 justitia
1069 4048 1109 4118 (11.
1122 4058 1201 4118 9715,
1213 4045 1306 4116 9979).

318 4120 407 4194 Quod
428 4123 566 4177 meritum
585 4131 616 4178 et
636 4119 753 4193 justitia
772 4119 895 4176 Domini
910 4119 958 4182 sit,
971 4118 1053 4189 quod
1067 4133 1105 4173 ex
1118 4117 1237 4188 propria
1248 4114 1385 4186 potentia

264 4193 421 4249 salvaverit
433 4209 528 4266 genus
541 4193 704 4247 humanum
718 4194 758 4262 (n.
775 4191 850 4260 1813,
864 4201 1028 4258 2025-2027,
1041 4199 1119 4258 9715.
1132 4187 1210 4257 9809,
1227 4186 1334 4256 10019).

318 4261 408 4334 Quod
427 4265 539 4319 bonum
554 4263 691 4348 justitiae
709 4271 741 4317 et
756 4261 852 4316 meriti
870 4259 992 4315 Domini
1006 4259 1045 4313 sit
1058 4257 1169 4312 bonum
1183 4257 1264 4328 quod
1278 4263 1384 4327 regnat

266 4335 295 4388 in
308 4333 401 4395 caelo,
413 4344 444 4389 et
456 4333 537 4406 quod
553 4335 583 4390 rd
599 4333 711 4388 bonum
724 4331 763 4387 sit
778 4332 890 4386 bonum
905 4329 1006 4386 Divini
1020 4329 1141 4384 Amoris
1155 4327 1260 4398 Ipsius.
1272 4341 1309 4381 ex
1322 4340 1384 4396 quo

265 4405 391 4460 salvavit
402 4419 497 4476 genus
510 4405 673 4459 humanum
687 4405 727 4473 (11.
737 4401 815 4472 9486,
828 4400 924 4472 9986[Ρ
935 4399 1039 4524 9979ὲ).
1268 4465 1275 4480 ·

318 4473 408 4546 Quod
428 4475 526 4530 nullus
544 4475 636 4528 homo
655 4473 750 4544 possit
768 4488 805 4528 ex
822 4488 855 4528 se
872 4472 988 4543 justina
1024 4469 1074 4532 eri.
1089 4483 1144 4524 nec
1159 4467 1239 4524 illam
1251 4465 1307 4522 srbl
1320 4465 1383 4520 ullo

265 4546 330 4618 jure
341 4545 494 4602 vindioere
508 4547 547 4615 (n.
565 4544 652 4614 1813).

318 4614 428 4690 Quales
443 4615 483 4670 illi
496 4615 526 4671 in
539 4615 632 4671 altera
640 4613 703 4670 vita
715 4614 766 4686 qul
779 4613 835 4670 sibi
847 4611 992 4684 justitiam
1006 4608 1159 4666 vindioant
1173 4609 1213 4679 (11.
1221 4620 1282 4678 941,
1291 4607 1382 4674 1017).
