3322 5298
554 699 731 752 CANONES
753 701 884 753 NOVAE
905 701 1122 754 ECCLESIAE.

614 1020 774 1087 CAPUT
797 1020 1056 1086 SEPTIMUM.

275 1255 388 1337 Qoun
411 1255 591 1320 Dournus
618 1270 659 1319 nr
684 1270 822 1320 nunno
848 1269 1100 1321 cnnv1ssnrns
1123 1270 1395 1322 suurnrronas

400 1365 450 1414 na
472 1365 652 1414 mauretus
679 1364 727 1414 ar
758 1365 911 1428 Quooua
938 1365 987 1414 nn
1012 1351 1202 1416 Ecccasm
1227 1353 1395 1434 Junnrcn

399 1463 659 1525 SUSTINUERIT,
687 1461 736 1514 ET
763 1463 867 1528 QUOD
897 1464 968 1515 PER
994 1464 1198 1516 VICTORIAS
1224 1465 1266 1514 IN
1296 1465 1396 1516 ILLIS

400 1559 528 1609 OMNIA
544 1559 585 1607 IN
604 1557 782 1609 ORDINEM
802 1559 1034 1621 REDEGERIT,
1052 1560 1100 1609 ET
1118 1559 1235 1611 SIMUL
1258 1546 1395 1611 HUMA·

400 1653 427 1702 N
430 1653 484 1703 UM
497 1653 597 1704 SUUM
608 1652 750 1704 GLORIF
752 1652 932 1703 1CAVERIT
944 1661 952 1717 ;
972 1653 1020 1703 ET
1033 1653 1138 1717 QUOD
1150 1654 1206 1704 SIC
1219 1653 1396 1704 ANGELOS

400 1747 449 1797 ET
470 1746 643 1797 HOMINES
662 1747 899 1809 REDEMERIT,
917 1746 965 1798 AC
989 1747 1030 1797 IN
1048 1748 1262 1799 AETERNUM
1284 1747 1395 1798 REDI-

401 1841 493 1892 MAT.

341 2031 367 2077 1.
399 2012 501 2096 Quod
514 2034 633 2077 omnes
645 2015 859 2078 tentationes
872 2014 1065 2097 spirituales
1078 2017 1147 2079 sint
1160 2035 1296 2098 pugnae
1311 2035 1395 2079 con·

486 2119 541 2172 tra
567 2108 658 2172 mala
685 2117 720 2172 et
748 2108 844 2186 falsa,
865 2109 1007 2192 proinde
1033 2119 1154 2174 contra
1177 2110 1328 2187 inferna;
1358 2119 1395 2173 et

443 2263 449 2276 ,
487 2204 579 2286 quod
595 2203 674 2267 illae
687 2205 899 2267 tentationes
916 2225 957 2268 eo
973 2205 1147 2286 graviores
1163 2206 1231 2268 sint
1244 2225 1312 2287 quo
1327 2205 1396 2286 spi-

486 2299 588 2361 ritum
612 2298 758 2361 hominis
781 2309 816 2362 et
843 2298 943 2361 simul
971 2319 1093 2382 corpus
1120 2297 1190 2381 ejus
1216 2299 1395 2373 invadunt,

486 2411 525 2456 ac
546 2402 726 2474 utrumque
745 2394 906 2456 cruciant.

339 2503 368 2551 2.
401 2485 502 2569 Quod
539 2486 707 2549 Dominus
743 2487 894 2551 omnium
929 2487 1146 2569 gravissimas
1182 2487 1397 2552 tentationes

486 2583 695 2656 sustinuerit,
712 2581 790 2663 quia
807 2591 929 2645 contra
945 2583 1060 2644 omnia
1076 2582 1204 2645 inferna
1221 2603 1395 2665 pugnave-

487 2677 542 2750 rit,
567 2685 603 2739 et
630 2696 764 2758 quoque
787 2685 908 2739 contra
930 2675 1021 2738 mala
1043 2686 1080 2739 et
1107 2675 1192 2739 salsa
1218 2675 1395 2740 Ecclesiae

483 2770 655 2852 Judaicae.

339 2881 367 2946 3.
400 2863 501 2949 Quod
518 2865 628 2948 Ipsius
647 2864 861 2928 tentationes
878 2883 995 2946 parurn
1011 2863 1205 2946 descriptae
1220 2865 1289 2929 sint
1305 2866 1396 2948 apud

484 2957 751 3040 Evangelistas;
781 2958 891 3022 solum
918 2979 978 3040 per
1001 2977 1133 3042 pugnas
1160 2979 1237 3022 cum
1264 2959 1393 3035 bestiis,

485 3053 551 3116 hoc
568 3063 621 3116 est
637 3069 715 3116 cum
727 3054 857 3116 satanis
874 3054 906 3116 in
923 3053 1064 3128 inferno,
1078 3053 1307 3136 quadraginta
1322 3054 1394 3118 die·

485 3147 548 3210 bus
570 3147 605 3210 ln
628 3147 858 3221 deserto—et
881 3155 1004 3230 postea
1027 3167 1088 3230 per
1110 3147 1346 3212 infestationes
1374 3169 1396 3212 a

486 3241 717 3316 diabolo—et
734 3243 870 3306 demum
886 3263 947 3325 per
959 3241 1095 3306 dolores
1113 3241 1222 3325 Ipsius
1237 3245 1271 3306 in
1285 3241 1395 3308 Geth·

486 3355 637 3412 semane,
658 3346 694 3400 et
721 3357 780 3420 per
802 3347 955 3401 atrocem
978 3338 1173 3420 passionem
1196 3358 1297 3420 super
1319 3357 1395 3402 cru·
1447 3411 1455 3431 .

486 3451 561 3496 cem

537 3562 643 3632 [(Μαπ.
658 3565 674 3614 i.
689 3577 726 3624 12,
744 3577 789 3626 133
809 3565 907 3614 Matrh.
917 3565 951 3616 lv.
971 3577 1050 3623 1-11;
1064 3565 1174 3616 Luaiv.
1193 3577 1272 3626 1-13:
1296 3565 1396 3615 Mater.

601 3631 672 3680 xxvi.
688 3631 785 3690 36-46;
806 3631 890 3680 Marc.
905 3631 957 3680 xiv.
973 3643 1069 3692 32-,42;
1090 3631 1153 3680 Lu'c.
1168 3631 1203 3681 xl.
1215 3631 1314 3691 40-46;
1334 3631 1396 3696 Joh.

600 3696 672 3746 xviii.
687 3709 715 3746 1:
741 3696 838 3745 Matrh.
851 3697 930 3746 xxvii.
944 3697 1041 3756 ari-sm
1063 3697 1148 3746 Man.
1160 3711 1203 3746 xv.
1220 3709 1315 3758 15-37;
1332 3697 1397 3746 Luc.

602 3762 673 3812 xxiii.
688 3762 787 3823 25-46;
807 3761 869 3826 Joh.
881 3763 934 3812 xix.
949 3758 1042 3827 1-30)].

485 3887 553 3954 Sed
566 3891 656 3972 quod
674 3889 783 3972 Ipsius
798 3891 1011 3954 tentationes
1024 3909 1083 3954 seu
1099 3909 1234 3972 pugnae
1250 3909 1326 3954 cum
1342 3890 1396 3952 in·

484 3983 586 4048 sernis
602 3983 836 4066 particularius
852 3993 887 4047 et
904 3983 1036 4066 plenius
1051 3984 1289 4048 describantur
1303 3985 1395 4066 apud

483 4077 675 4158 Prophetas
698 4087 734 4142 et
761 4077 850 4162 apud
872 4077 1038 4142 Davidem
1047 4102 1063 4154 ,·
1096 4099 1192 4162 quae,
1219 4080 1296 4161 quia
1325 4078 1396 4142 sue·

484 4183 564 4237 runt
577 4172 773 4248 invisibiles,
785 4191 853 4236 non
867 4182 1052 4256 potuerunt
1064 4173 1271 4238 manifestari
1283 4171 1397 4256 (Esai.

485 4266 569 4330 lxiii.
591 4315 598 4330 .

336 4379 367 4442 4
399 4359 501 4444 Quod
518 4265 685 4426 Doininus
701 4361 778 4425 illas
793 4363 1005 4426 tentationes
1021 4361 1194 4439 subiverit,
1209 4371 1247 4426 ut
1265 4361 1397 4424 inferna

485 4477 573 4540 quae
588 4455 797 4520 infestabant
811 4456 944 4520 caelum
957 4466 993 4521 et
1010 4456 1108 4520 simul
1121 4456 1301 4520 ecclesiam
1314 4456 1396 4520 sub·

482 4550 629 4633 jugaret,
650 4569 689 4614 ac
710 4549 853 4632 angelos
876 4560 911 4615 et
935 4551 1091 4614 homines
1113 4549 1158 4615 ab
1176 4551 1396 4615 infestatione

485 4645 544 4708 illa
562 4643 732 4722 liberaret,
751 4653 787 4710 et
805 4646 851 4709 sic
872 4644 949 4708 illos
967 4645 1129 4709 salvaret.
