3288 5294
309 654 348 706 10
713 651 764 704 DE
786 651 1018 704 CHARITATE·

305 821 365 886 det
388 821 479 904 quod
500 820 726 904 impoenitens
748 821 792 886 sit
815 819 943 900 malus;
970 829 1005 884 et
1028 819 1101 903 quis
1127 839 1195 885 non
1217 815 1311 885 videt
1333 818 1422 904 quod

305 913 412 978 malus
428 935 497 979 non
518 916 643 980 habeat
664 915 885 994 charitatem
908 926 944 980 et
967 915 1040 997 quis
1055 934 1123 979 non
1139 915 1232 978 videt
1254 915 1345 996 quod
1367 915 1422 996 qui

305 1028 372 1072 non
389 1009 717 1086 charitatem-habet,
732 1007 831 1092 [non]
849 1011 956 1091 possit
972 1009 1080 1073 facere
1096 1005 1317 1088 charitatem
1342 1009 1422 1073 cha·
1458 1075 1464 1088 ,

304 1103 386 1166 ritas
401 1103 465 1166 crit
480 1123 526 1167 ex
539 1103 705 1167 charitate
720 1105 754 1167 in
770 1104 917 1167 homine.

366 1292 396 1357 6.
427 1291 486 1356 Ad
508 1292 609 1357 finem
625 1292 805 1358 afferantur
826 1293 938 1376 aliqua
959 1314 1004 1357 ex
1021 1293 1148 1369 Verbo,
1165 1303 1201 1357 ut
1224 1313 1270 1356 ex
1287 1292 1424 1358 Domini

303 1387 414 1451 verbis
429 1386 473 1450 ad
489 1387 695 1464 Pharisaeos,
712 1387 802 1470 quod
825 1387 1072 1470 purificandus'
1063 1398 1214 1453 internus
1229 1387 1341 1452 homo.

367 1479 483 1544 Verba
498 1482 589 1562 apud
603 1480 725 1546 Esai.
716 1501 736 1546 1.

367 1573 494 1656 Aliqua
508 1595 554 1639 ex
575 1573 640 1638 illis
656 1596 741 1659 quae
763 1575 797 1639 in
812 1574 977 1639 Docirina
999 1574 1094 1640 Vitae
1102 1585 1169 1657 pro
1189 1573 1288 1638 Nova
1302 1571 1421 1637 [liero-

303 1666 429 1750 solyma
446 1666 493 1750 (n.
509 1669 634 1750 28-313
657 1671 761 1734 etiam
780 1668 908 1754 50—52).

660 1899 1068 1920 h——un-—-—-

844 2061 889 2128 11.

304 2246 418 2334 QUOD
447 2264 650 2318 SECUNDUM
679 2265 912 2319 CHARI‘I'ATIS
941 2265 1000 2318 SIT
1026 2265 1174 2318 FACERE
1199 2263 1302 2318 BONA
1329 2264 1434 2331 Qum.

429 2365 526 2418 SUNT
549 2365 649 2418 Usus.
1275 2389 1283 2400 ·

303 2541 531 2626 Exponantur
546 2543 579 2609 in
595 2543 661 2609 hoc
676 2544 793 2608 ordine
805 2563 859 2607 :-

536 2684 556 2736 1.
585 2682 658 2741 onor
666 2699 715 2737 666
729 2683 822 2752 [66116]
837 2685 931 2738 66616666
949 2685 1037 2736 466666
1045 2682 1162 2751 66666666
1173 2681 1211 2737 tit
1220 2681 1362 2736 6666666666.

532 2780 560 2832 2.
585 2779 656 2836 6666
668 2779 834 2833 relictorum
847 2781 934 2833 666666
942 2779 1058 2848 proximo
1069 2779 1107 2833 tr‘t
1116 2779 1258 2832 6666666666.

533 2879 561 2932 3.
587 2878 659 2935 66666
672 2878 746 2931 homo
760 2878 847 2946 poscit
863 2881 950 2932 iacere
966 2877 1064 2937 666666,
1080 2877 1247 2946 66666666616
1262 2875 1417 2930 666666666-

632 2945 739 3004 666666
749 2959 830 3013 6666666
840 2961 889 2998 666
899 2947 989 3012 luam
998 2947 1100 3004 66616666,
1110 2944 1418 2998 66666666666661666

632 3013 675 3064 666
685 3015 775 3064 contra
787 3011 945 3064 charitatem.

512 3079 516 3086 ²
532 3106 559 3158 4.
580 3103 654 3162 66666
661 3105 732 3159 666666
741 3106 815 3160 homo
822 3121 872 3160 666
883 3109 937 3159 ruit
948 3108 1035 3160 666666
1043 3107 1138 3160 6661666
1142 3119 1266 3174 ,66666666
1275 3103 1313 3157 ita
1322 3103 1418 3157 roh't'
1393 3117 1417 3155 66

633 3174 721 3226 666666
732 3173 840 3232 torum
857 3177 884 3226 et
894 3187 944 3226 666
958 3171 1076 3226 vicissim.

530 3267 559 3320 6.
584 3265 657 3324 66666
668 3267 779 3344 phimum
796 3267 975 3324 666666666666
991 3267 1029 3321 cit
1042 3268 1144 3326 66616666,
1158 3265 1217 3335 qnia
1233 3265 1262 3317 id
1276 3269 1319 3318 666
1328 3267 1416 3316 contra

630 3332 789 3392 charitatem,
801 3334 870 3402 quod
885 3335 914 3386 rr
925 3348 1025 3452 porea
1017 3337 1104 3386 666666
1017 3333 1156 3385 orthod
1171 3331 1300 3384 6666666666
1323 3335 1417 3396 viper

629 3399 818 3518 emmim
811 3405 974 3468 ,6666666666
1025 3414 1084 3452 6666
1102 3399 1171 3467 66666
1187 3397 1251 3451 tacit
1267 3401 1310 3450 666
1325 3397 1415 3449 6666666

531 3559 558 3614 6.
584 3558 753 3629 Quotquot·
770 3565 813 3614 666
827 3559 935 3638 6666666
952 3564 980 3613 oi
996 3560 1055 3613 6666
1070 3559 1178 3613 remotio
1194 3558 1257 3612 66616·
1268 3573 1318 3627 por
1325 3557 1414 3626 66666·-

632 3577 745 3686 66666666,
757 3629 810 3679 tulo
820 3627 858 3679 666
870 3627 960 3680 6666666
972 3627 1041 3694 66666
1050 3631 1092 3679 cai
1102 3625 1242 3679 charihh'c.

533 3721 557 3774 7.
582 3719 654 3778 66666
669 3721 727 3774 6666
745 3725 875 3800 6666666666,
888 3721 957 3789 quod
969 3721 1080 3789 primum
1092 3719 1227 3775 6166666666
1243 3719 1281 3774 uir
1296 3685 1430 3786 66666666ι

629 3787 666 3840 66
681 3787 811 3840 6666666666
828 3790 962 3866 6616666666
977 3789 1046 3839 66616
1063 3791 1229 3854 viperam:
1247 3787 1358 3855 siquod
1370 3799 1413 3839 66·

631 3854 741 3908 66666666
753 3853 888 3907 chorinth
898 3853 935 3906 666
947 3855 1035 3907 666666
1045 3853 1117 3906 6666.

303 4065 323 4118 4.
349 4063 421 4122 66666
428 4079 478 4118 666
492 4065 556 4117 66616
567 4065 661 4116 6661666
674 4064 761 4116 ruem
769 4063 885 4132 proxim
896 4063 933 4116 66
942 4062 1084 4116 charitati.

363 4198 483 4264 Omnis
497 4198 590 4263 videt
613 4199 703 4282 quod
725 4199 871 4263 charitas
894 4219 961 4262 non
985 4197 1231 4284 maiumwsaciat
1246 4198 1411 4280 proximo,

299 4295 377 4379 quia
392 4293 537 4358 charitas
552 4302 605 4358 est
620 4313 715 4356 amor
729 4313 811 4375 erga
826 4294 1027 4374 proximum,
1043 4301 1078 4358 et
1094 4293 1149 4375 qui
1164 4303 1256 4356 amat
1268 4291 1411 4374 aliquem

300 4387 400 4454 timet
413 4386 536 4450 malum
549 4387 579 4451 ei
590 4386 709 4451 facere.
749 4386 813 4451 Est
825 4385 1015 4468 conjunstio
1027 4385 1211 4451 animarum
1224 4386 1311 4450 inter
1323 4386 1412 4461 illos;

300 4482 388 4545 unde
412 4491 475 4559 est,
495 4500 571 4545 cum
594 4479 719 4544 malum
742 4480 821 4545 facit
844 4481 874 4544 ei
896 4481 947 4545 cui
971 4500 1029 4562 per
1044 4499 1193 4544 amorem
1217 4475 1412 4562 conjun6tus

301 4583 367 4652 est,
396 4575 430 4639 in
459 4575 570 4639 anima
599 4575 801 4658 percipiatur
829 4575 915 4638 sieut
944 4575 1014 4656 ipse
1044 4574 1107 4638 sibi
1136 4573 1260 4639 malum
1289 4573 1410 4647 saciat:
