3282 5294
610 689 660 742 DE
682 688 913 742 CHARlTATE.
1281 693 1320 742 21

198 871 233 928 et
250 859 361 946 quoad
384 861 585 944 potentiam,
605 860 652 924 ita
674 861 777 925 etiam
800 860 911 944 quoad
934 858 1098 940 tutelam;
1122 881 1224 945 quare
1247 860 1323 944 plus
1360 854 1363 861 ’

197 975 311 1020 amare
326 956 416 1020 aliud
432 975 584 1038 regnum,
601 954 810 1020 consulendo
825 954 895 1036 ejus
911 957 982 1019 usui
998 954 1083 1036 plus,
1099 955 1185 1020 foret
1202 966 1323 1020 contra

197 1052 323 1115 bonum
338 1051 434 1132 regni
449 1051 482 1113 in
498 1069 565 1133 quo
580 1059 653 1128 est;
676 1067 779 1132 quare
802 1050 912 1131 patria
935 1049 1080 1113 amanda
1095 1059 1149 1114 est
1171 1051 1204 1113 in
1221 1069 1322 1132 supe·

196 1145 283 1208 riore
299 1145 416 1227 gradu.

260 1237 311 1303 Sit
326 1236 507 1320 exemplo:
531 1235 566 1302 Si
585 1246 684 1301 natus
706 1237 841 1301 fuissem
857 1235 1024 1301 Venetiae
1048 1247 1105 1301 aut
1130 1238 1271 1316 Romae,
1288 1248 1323 1303 et

196 1333 223 1396 si
238 1351 349 1396 essem
366 1331 576 1396 Christianus
592 1331 803 1408 reformatus,
814 1349 894 1394 num
906 1331 1052 1394 amanda
1064 1341 1116 1395 est
1130 1334 1247 1414 patria,
1265 1353 1324 1398 seu

197 1427 252 1490 ubl
265 1437 374 1500 natus,
388 1435 527 1508 propter
539 1427 664 1490 bonum
676 1423 867 1508 spirituale:
891 1445 959 1488 non
972 1445 1119 1507 possum,
1133 1445 1195 1490 nec
1212 1427 1323 1510 quoad

197 1519 324 1583 bonum
340 1520 467 1584 morale
483 1530 518 1584 et
535 1520 632 1583 civile
648 1529 811 1602 quantum
833 1519 868 1582 id
890 1519 1062 1601 dependet
1078 1520 1204 1585 abono
1227 1523 1323 1603 spiri·

197 1613 290 1688 tuall,
315 1623 353 1677 ut
376 1613 434 1692 fit;
467 1615 526 1678 sed
552 1625 716 1697 quantum
739 1633 807 1678 non
831 1613 957 1696 pendet
980 1614 1025 1676 ab
1047 1635 1099 1690 eo,
1124 1634 1271 1696 possum,
1296 1618 1324 1681 si

197 1727 301 1790 usque
318 1709 426 1790 patria
441 1707 498 1772 illa
514 1709 592 1780 odio
605 1728 658 1772 me
675 1709 799 1787 habet;
822 1709 869 1772 sic
886 1727 954 1772 non
970 1708 1048 1772 odio
1064 1709 1198 1773 habebo
1213 1711 1323 1774 inimi·

198 1820 274 1865 cum
291 1822 353 1866 nec
369 1803 515 1878 hostem,
532 1803 592 1866 sed
609 1823 713 1886 usque
728 1803 861 1878 amabo,
878 1822 946 1866 non
963 1803 1123 1866 damnum
1139 1803 1322 1881 inserendo,

198 1896 257 1960 sed
280 1896 489 1960 consulendo
512 1896 582 1978 ejus
604 1897 742 1972 bonurn,
767 1906 931 1980 quantum
960 1906 1013 1960 est
1037 1897 1163 1962 bonum
1192 1899 1233 1974 ei,
1256 1918 1324 1963 non

198 1990 407 2054 consulendo
422 1992 469 2054 ita
485 2001 521 2054 ut
538 1989 734 2055 confirmem
750 1990 842 2054 illam
858 1991 890 2054 in
907 2011 968 2055 suo
983 1990 1068 2055 salso
1084 2001 1119 2055 et
1133 1991 1233 2055 malo.

261 2082 329 2148 Sed
345 2084 388 2148 de
403 2104 518 2149 amore
534 2077 663 2168 patriae
679 2084 758 2149 alibi
774 2083 878 2168 plura.

198 2294 223 2348 4.
249 2295 322 2353 duod
331 2297 418 2350 oenus
429 2297 572 2350 Humanum
579 2295 605 2350 in
613 2295 741 2350 latissimo
748 2311 830 2350 sensu
841 2295 878 2350 sit
885 2295 1036 2364 prorr'mus:
1048 2297 1100 2350 sed
1107 2296 1167 2366 quia
1175 2296 1325 2350 distr'notum

298 2377 342 2427 est
353 2372 406 2442 [ιή]
421 2373 536 2440 Imperia,
549 2388 630 2442 regnu
642 2377 671 2426 st
679 2372 852 2441 ampulliaco,
865 2372 1052 2441 unumquodrr's
1070 2378 1112 2426 sst
1125 2373 1260 2441 proximus
1278 2388 1324 2428 so·

299 2449 410 2503 cundum
421 2450 514 2502 tonum
526 2449 658 2518 religionis
670 2453 698 2502 et
707 2463 814 2507 morum,
828 2453 855 2502 et
865 2449 1007 2503 secundum
1020 2449 1112 2502 bonum
1124 2449 1194 2518 quod
1203 2453 1326 2518 praestat

298 2525 409 2594 patrius,
423 2530 451 2578 ot
462 2541 540 2579 unum
552 2541 610 2580 eum
622 2540 671 2580 suo
683 2525 748 2578 bono
760 2524 830 2578 lucit.

264 2667 360 2734 Haec
373 2668 535 2751 ampliora
551 2677 629 2732 sunt
645 2686 745 2750 quarn
762 2677 798 2732 ut
814 2664 972 2732 distincte
988 2667 1119 2749 possint
1134 2665 1302 2732 illustrari.

263 2761 353 2828 Satis
368 2773 420 2828 est
436 2763 526 2848 quod
542 2765 611 2826 sive
627 2763 680 2826 hic
697 2771 755 2828 aut
771 2761 826 2826 ille
843 2763 948 2825 homo
964 2783 1008 2826 ex
1021 2762 1085 2826 hoc
1099 2771 1156 2826 aut
1172 2761 1231 2825 illo
1246 2783 1323 2845 reg·

200 2876 244 2922 no
260 2859 302 2922 sit
321 2858 411 2940 apud
427 2877 491 2933 me,
508 2867 543 2921 et
566 2877 642 2921 cum
666 2855 726 2920 illo
748 2856 781 2919 in
805 2875 870 2919 una
893 2857 995 2919 domo
1018 2865 1075 2919 aut
1098 2857 1131 2919 in
1155 2876 1220 2919 una
1242 2857 1323 2920 urbe

200 2952 362 3026 habitem,
375 2951 431 3015 ille
447 2951 490 3014 sit
507 2951 587 3015 mihi
603 2951 777 3032 proximus
793 2950 977 3014 secundum
993 2969 1089 3013 suum
1105 2951 1231 3013 bonum
1247 2972 1255 3028 ;
1278 2951 1323 3013 si·

201 3046 277 3110 mile
290 3057 343 3110 est
353 3066 429 3110 curn
440 3045 592 3110 omnibus
602 3047 634 3108 in
645 3044 703 3108 illo
714 3065 831 3127 regn0,
840 3045 957 3127 quibus
968 3043 1143 3126 singularis
1153 3043 1209 3108 ille
1219 3043 1323 3108 homo

200 3140 314 3204 similis
330 3150 382 3204 est
395 3161 401 3204 :
426 3141 469 3204 sit
482 3139 615 3222 legatus
627 3141 722 3222 regni
738 3139 793 3222 qui
806 3157 922 3220 regem
935 3158 1030 3202 suum
1043 3148 1078 3202 et
1091 3138 1168 3202 inde
1181 3159 1323 3222 regnum

199 3244 452 3318 repraesentat;
483 3233 574 3316 quod
600 3232 657 3298 ille
684 3233 764 3297 mihi
791 3233 965 3315 proximus
988 3233 1031 3296 sit
1055 3232 1239 3296 secundum
1262 3233 1322 3298 bo-

199 3349 279 3394 num
300 3349 379 3392 suae
400 3328 570 3410 religionis
592 3337 627 3392 et
644 3345 785 3401 morum,
801 3336 836 3390 et
853 3328 939 3390 sicut
955 3320 1027 3390 uult
1051 3328 1179 3408 patriae
1196 3327 1323 3392 bonum

199 3433 234 3487 et
261 3423 334 3498 sibi,
358 3443 425 3487 non
450 3423 565 3505 negari
588 3432 723 3504 potest;
747 3422 908 3503 imprimis
931 3430 1095 3503 quantum
1119 3421 1198 3484 lacit
1220 3441 1323 3486 unum

200 3537 278 3582 curn
295 3537 356 3581 suo
371 3518 471 3581 bon0.

263 3610 342 3676 Non
359 3611 477 3694 loquor
492 3610 534 3675 de
550 3609 616 3674 alio
630 3610 721 3675 bono
737 3629 838 3692 quarn
855 3609 897 3673 de
913 3609 1004 3673 bono
1019 3608 1205 3685 charitatis,
1222 3620 1257 3674 et
1281 3610 1324 3674 de

198 3705 291 3770 bono
313 3707 477 3788 genuinae
504 3705 687 3769 charitatis.
732 3703 875 3768 Possunt
898 3703 977 3767 mali
1000 3723 1112 3767 amare
1135 3724 1171 3766 se
1195 3713 1322 3779 mutuo,

198 3801 302 3864 etiam
316 3799 475 3875 latrones,
489 3809 524 3864 et
536 3799 670 3874 diaboli,
684 3799 744 3862 sed
761 3819 831 3862 non
848 3820 892 3862 ex
905 3798 1082 3874 charitate,
1100 3819 1158 3861 seu
1173 3817 1218 3861 ex
1232 3798 1323 3862 bono

198 3895 323 3958 amoris
345 3895 531 3972 interioris;
555 3893 615 3957 sed
638 3894 714 3976 quia
737 3911 838 3956 unum
861 3891 986 3956 faciunt
1009 3893 1042 3954 in
1066 3890 1321 3968 malefaciendo,

199 3987 351 4063 furando,
375 3988 568 4063 scortando,
587 3987 800 4063 vindicand0,
817 3986 1015 4061 occidendo,
1040 3987 1321 4068 blasphemando,

200 4092 279 4146 sunt
306 4083 450 4164 proximi
473 4083 560 4145 inter
582 4101 638 4160 se;
669 4081 729 4145 sed
752 4083 785 4145 hi
809 4101 876 4146 non
900 4080 1144 4164 intelliguntur,
1168 4081 1245 4164 quia
1267 4080 1321 4145 hic

201 4177 313 4259 agitur
328 4177 370 4240 de
387 4177 552 4240 charitate
568 4175 689 4257 eteius
705 4176 805 4240 bono.

266 4269 405 4334 Possum
421 4289 540 4333 omnes
560 4271 593 4333 in
610 4271 764 4334 universo
779 4287 891 4334 amare
907 4269 1091 4334 secundum
1113 4267 1321 4350 religionem,

200 4381 271 4428 non
286 4363 361 4446 plus
376 4363 452 4427 illos
467 4365 501 4427 in
517 4365 625 4446 patria
641 4383 741 4446 quam
757 4364 789 4427 in
806 4364 878 4428 aliis
893 4365 1015 4446 regnis,
1033 4383 1095 4427 nec
1112 4362 1186 4444 plus
1202 4363 1234 4424 in
1251 4361 1321 4424 Eu-

200 4477 284 4540 ropa
299 4477 400 4542 quam
413 4459 446 4520 in
459 4456 575 4521 Africa
587 4479 595 4536 3
619 4477 696 4522 arno
708 4457 872 4540 gentilem
885 4477 963 4540 prae
976 4457 1179 4530 Christiano,
1192 4457 1219 4519 si
1235 4455 1321 4519 bene

201 4551 284 4616 vivit
300 4551 484 4616 secundum
500 4551 708 4634 religionem,
725 4553 752 4616 si
768 4551 849 4616 colit
866 4551 975 4615 Deum
991 4573 1035 4615 ex
1052 4551 1164 4626 corde,
1178 4549 1322 4612 dicendo

201 4663 270 4711 non
282 4645 362 4710 volo
373 4646 437 4710 hoc
450 4645 576 4710 malum
585 4645 693 4710 lacere
706 4647 782 4730 quia
791 4655 844 4711 est
854 4655 973 4724 contra
983 4645 1093 4710 Deum
1104 4667 1113 4726 ;
1129 4663 1197 4708 non
1206 4653 1321 4708 autern
