3338 5300
327 653 370 717 74
801 645 975 699 conotus.

328 833 363 886 et
387 819 527 886 offendit
550 817 708 885 doctores
731 820 899 896 mitratos,
922 827 959 884 et
981 817 1164 902 magistros
1187 817 1368 892 laureatos,
1391 817 1448 902 qui

327 926 505 999 exponunt
531 915 589 978 illa
615 917 767 979 terminis
789 936 834 979 ex
857 925 931 979 arte
954 913 1188 997 metaphysica
1210 913 1448 984 commodatis.

327 1033 366 1075 ac
383 1011 559 1076 involvunt
578 1010 636 1074 illa
652 1012 814 1092 mysticis,
828 1011 890 1074 nisi
907 1011 980 1093 quis
996 1009 1080 1073 alius
1096 1009 1266 1073 discindat
1281 1008 1447 1073 vocabula

326 1105 394 1182 ilia,
411 1116 447 1170 et
466 1109 512 1171 sic
532 1105 704 1188 implicata
720 1107 877 1180 extricet,
894 1114 930 1170 et
949 1127 994 1169 ex
1010 1104 1138 1182 Verbo,
1154 1105 1204 1169 ita
1221 1124 1267 1168 ex
1286 1103 1446 1178 Domino,

327 1199 446 1265 sancia
464 1201 640 1266 Ecclesiae
658 1201 831 1265 emitteret
852 1201 886 1264 in
905 1199 1030 1264 claram
1050 1198 1170 1263 lucem.
1215 1198 1345 1262 Annon
1362 1197 1447 1262 alio·

327 1299 382 1378 qui
408 1295 612 1360 falsitatibus
634 1295 677 1358 de
699 1294 765 1358 fide
787 1305 823 1359 et
849 1296 882 1358 in
906 1294 1041 1378 reliquis
1064 1294 1292 1376 dogmatibus,
1315 1313 1401 1376 quae
1426 1313 1448 1356 a

327 1400 458 1454 statuta
482 1389 547 1454 fide
574 1392 660 1453 sicut
687 1391 763 1453 unci
790 1400 933 1454 catenae
959 1399 1099 1454 astato
1125 1398 1161 1452 et
1187 1387 1293 1452 affixo
1319 1389 1448 1470 pariete

327 1487 439 1570 capite
452 1487 668 1550 continenter
680 1485 841 1567 pendent,
855 1484 1106 1549 incantaretur?
1142 1482 1304 1547 Similiter
1315 1482 1401 1547 soret
1413 1483 1447 1546 iu

327 1581 583 1656 tentationibus,
597 1590 632 1644 et
643 1589 723 1644 tunc
734 1580 1005 1644 infestationibus
1017 1601 1038 1644 a
1049 1580 1188 1655 satanis,
1200 1579 1263 1642 nisi
1273 1576 1446 1642 confiden-

327 1687 380 1740 ter
395 1675 561 1758 aspiceret
578 1673 772 1750 Dominum,
789 1685 824 1738 et
840 1675 884 1738 ab
900 1675 979 1757 Ipso
995 1673 1071 1738 solo
1086 1691 1223 1738 omnem
1239 1672 1447 1737 liberationis

327 1791 464 1853 operam
488 1781 523 1835 et
546 1789 646 1854 opem
669 1780 853 1852 satageret.
899 1771 1040 1852 Propter
1061 1770 1123 1834 has
1146 1789 1264 1834 causas
1286 1770 1390 1832 toties
1413 1771 1446 1833 in

327 1866 444 1931 Verbo
456 1866 585 1930 Vetere
598 1866 810 1948 Prophetico,
827 1862 1017 1948 praedictus
1033 1874 1086 1930 est
1098 1865 1281 1929 Adventus
1297 1865 1445 1938 Domini,

327 1971 363 2025 et
381 1962 471 2044 quod
490 1972 628 2043 propter
647 1962 784 2024 easdem
800 1981 918 2026 causas
936 1961 970 2024 in
986 1960 1104 2024 Verbo
1120 1959 1220 2024 Novo
1236 1959 1447 2042 Evangeilco

327 2069 362 2121 et
382 2057 586 2140 Apostolico
602 2057 816 2140 praedicatus
834 2065 887 2121 est
907 2056 1084 2131 Dominus,
1100 2066 1136 2120 et
1154 2056 1323 2120 secundus
1338 2055 1447 2140 ipsius

327 2152 509 2216 Adventus
528 2149 738 2234 praedictum
763 2152 805 2215 de
824 2171 890 2234 quo
909 2152 941 2214 in
960 2152 1188 2234 sequentibus.

390 2249 466 2313 60·
496 2246 686 2329 Sequentur
704 2267 792 2310 nunc
813 2243 967 2310 Coliedia
984 2247 1027 2310 de
1046 2245 1211 2310 Adventu
1232 2245 1381 2322 Domini,
1400 2266 1445 2310 ex

326 2342 512 2425 prophetiis
530 2341 636 2406 Verbi
655 2341 802 2417 Veteris,
822 2352 1005 2425 quaesunt
1026 2339 1160 2425 [haec]:

375 2491 497 2558 jehovah
517 2491 590 2541 Deus
607 2492 682 2550 dixit,
704 2489 798 2541 “Ecce
816 2492 894 2546 veni:
919 2491 946 2540 in
965 2490 1101 2541 volumine
1119 2489 1191 2541 Libri
1209 2492 1337 2555 scriptum
1355 2501 1397 2542 eat
1412 2492 1446 2542 de

459 2553 890 2621 Me”(Psaim.xl.8[B.A.7]);
960 2563 963 2572 '

378 2623 811 2690 “JehovabDeuadixitSerpentl
814 2660 891 2682 .....
901 2619 1137 2674 Maledidiuseato.
1172 2657 1237 2676 ....
1275 2621 1444 2674 inimicitiam

457 2704 557 2754 ponam
569 2690 640 2740 inter
656 2697 681 2738 te
699 2698 726 2738 et
743 2690 891 2748 mulierem,
905 2697 932 2738 et
949 2689 1018 2738 inter
1030 2702 1122 2739 semen
1136 2697 1209 2738 tuum
1222 2699 1249 2738 et
1266 2689 1363 2739 Semen
1377 2689 1443 2754 eina,

457 2767 484 2836 et
503 2754 563 2805 Hoc
575 2755 741 2805 conculcabit
758 2755 805 2804 tibi
823 2764 911 2818 caput,
925 2763 954 2804 tu
971 2763 1060 2804 autem
1077 2754 1168 2806 laedes
1180 2755 1336 2805 calcaneum
1345 2755 1360 2777 '⁹
1371 2754 1443 2819 (Gen.

378 2817 730 2950 “Norinr'eiii'eiffiie'ptrum
749 2901 766 2936 a
782 2885 913 2952 Jehudah.
927 2900 977 2935 nec
994 2885 1133 2949 legislator
1144 2887 1178 2935 ab
1195 2886 1266 2936 inter
1282 2887 1364 2949 pedes
1376 2887 1442 2950 ejus,

456 2953 616 3016 usquedum
629 2953 719 3001 veniat
731 2951 853 3007 Schilolr:
879 2951 950 3002 Huic
962 2951 1090 3002 adhaesio
1102 2952 1262 3015 populorum
1270 2951 1285 2973 ”
1296 2951 1371 3015 (Gerr.
1380 2953 1442 3004 xlia.

457 3017 548 3082 9·¹2);

327 3157 359 3218 in
379 3153 576 3235 prophetico
597 3151 731 3216 Israelis
750 3151 858 3216 Patris
877 3152 920 3215 de
939 3149 1013 3216 filiis
1032 3153 1110 3216 silis.

379 3305 396 3326 “
404 3301 511 3424 Orietqr
522 3301 604 3351 Stella
615 3317 648 3350 ex
664 3300 774 3367 Jacobo,
788 3310 815 3350 et
826 3310 917 3364 surget
929 3300 1067 3364 Sceptrum
1079 3315 1113 3351 ex
1131 3299 1231 3352 lsraele
1239 3299 1254 3322 ”
1265 3301 1360 3363 (Nm.
1371 3301 1442 3353 xxiv.

459 3380 471 3416 1
510 3381 515 3422 ἱ

378 3431 427 3485 “Ρ
476 3377 565 3482 ivetam
578 3446 593 3481 e
606 3432 703 3488 medio,
717 3432 751 3482 de
763 3432 889 3482 iratribus
901 3433 962 3491 tuta,
976 3431 1044 3482 sicut
1056 3446 1108 3491 me,
1122 3431 1247 3482 ericitabit
1258 3431 1306 3483 tibi
1323 3431 1442 3497 Jehovab

486 3511 533 3548 eus
552 3504 629 3556 tuus;
653 3498 723 3548 Huic
743 3497 881 3551 obedietis.
1026 3497 1060 3548 Et
1079 3498 1150 3546 dabo
1167 3499 1250 3548 verba
1269 3513 1330 3548 mea
1349 3499 1377 3547 in
1398 3513 1442 3548 ore

458 3560 531 3624 Eius.
665 3563 744 3614 Unde
758 3563 804 3613 fiet
817 3564 889 3648 quod
899 3563 941 3613 vir
955 3562 1000 3627 qul
1014 3577 1069 3612 non
1084 3561 1230 3612 obediverit
1244 3559 1357 3612 verbia”
1368 3557 1440 3622 Ejus,

458 3629 475 3650 ‘¹
484 3625 542 3689 ligo
553 3641 679 3692 quaeram
691 3643 752 3678 cum
765 3628 826 3678 illo'
846 3629 949 3691 (Deutr.
962 3628 1035 3678 xviii.
1050 3627 1156 3690 15-rq);

378 3703 397 3727 ‘¹
406 3699 460 3752 Dat
468 3699 574 3748 Adonai
588 3697 650 3761 Ipse
660 3697 738 3746 vobis
750 3697 857 3758 signum
867 3708 874 3755 ;
893 3694 960 3744 Eoce
969 3694 1052 3756 Virgo
1061 3693 1194 3756 concipiet
1206 3703 1232 3742 et
1244 3693 1329 3756 pariet
1338 3691 1442 3750 Filiam,

458 3775 486 3815 et
499 3765 604 3813 vocabit
616 3776 724 3819 nornen,
741 3761 814 3811 Deus
826 3757 1008 3810 nobiscumi¹¹”
1020 3759 1105 3820 (Enni,
1116 3758 1162 3810 vil.
1175 3758 1232 3821 14);

379 3831 476 3884 “Puer
496 3841 575 3880 natus
596 3839 637 3878 est
657 3829 745 3887 uobis,
766 3825 848 3876 Filius
868 3827 946 3876 datus
967 3835 1009 3875 est
1029 3825 1116 3884 nobis,
1137 3839 1218 3888 super
1237 3821 1314 3886 cuius
1333 3823 1444 3872 bnmero

461 3895 646 3958 Principatus3
663 3893 802 3944 vocabitur
820 3892 925 3942 Nomen
940 3891 1005 3954 Ejus
1019 3889 1158 3947 Mirabilie,
1172 3888 1348 3948 Consilarlus,
1361 3889 1442 3942 Deus.

460 3959 559 4021 Heros,
580 3960 660 4010 Pater
676 3959 850 4017 aeternitatis,
872 3958 999 4020 Princeps
1017 3957 1098 4020 pacis.
1141 3955 1333 4018 Muluplicanti
1350 3955 1445 4018 princi·

459 4036 550 4090 patum
564 4041 618 4075 nou
631 4026 681 4075 erit
694 4024 754 4074 finis
767 4024 781 4044 ’¹
793 4023 878 4082 (Enni.
889 4023 924 4074 ix.
935 4035 958 4082 5,
968 4023 984 4071 6
993 4019 1039 4087 [B.
1049 4023 1084 4072 A.
1094 4021 1118 4080 ὁ,
1129 4017 1184 4085 7]);

381 4091 497 4144 “Exibit
513 4091 596 4154 Virga
616 4091 649 4141 de
667 4100 763 4140 trunco
779 4089 900 4154 Jischaji,
920 4097 947 4137 et
965 4087 1087 4137 surculus
1107 4101 1122 4136 e
1142 4085 1230 4136 radice
1250 4085 1309 4148 ejus
1329 4080 1443 4134 tracium

460 4159 536 4208 ieret.
573 4157 700 4221 Quiescet
722 4170 804 4218 super
827 4154 866 4204 Eo
889 4154 998 4216 spiritus
1021 4151 1169 4216 sapientiae
1192 4160 1220 4201 et
1242 4150 1442 4213 intelligentiae.

460 4224 570 4286 spiritus
582 4223 689 4272 concilii
701 4231 727 4271 et
739 4221 846 4271 virtutis
855 4219 869 4240 '¹
882 4217 967 4280 (Esai.
979 4219 1015 4268 xi.
1029 4217 1103 4278 1-5);

381 4291 399 4316 ‘⁴
407 4287 440 4341 in
452 4289 495 4340 die
507 4289 555 4339 illo
568 4287 694 4338 Radicem
707 4285 826 4352 jischaji,
841 4300 909 4350 quae
921 4293 997 4334 stans
1009 4283 1036 4333 in
1048 4281 1155 4346 signnm
1168 4281 1337 4346 populorum,
1350 4289 1444 4344 genten

460 4362 597 4420 quaerent,
611 4363 638 4403 et
649 4353 700 4402 erit
711 4352 786 4416 quies
800 4349 865 4414 Ejus
876 4349 984 4414 gloria”
995 4347 1080 4411 (Emi.
1091 4347 1127 4398 ai.
1140 4347 1197 4409 rol:

381 4419 507 4472 “Mittite
524 4433 623 4482 agnum
643 4418 827 4468 Dominatoris
844 4427 932 4466 terrae
949 4415 982 4465 de
1000 4423 1077 4478 petra
1092 4427 1186 4464 versus
1203 4414 1355 4472 desertum:

461 4486 581 4536 firmatus
593 4493 635 4536 est
652 4499 699 4548 per
716 4483 924 4533 misericordiam
943 4481 1057 4530 thronus
1077 4478 1150 4543 Ejus,
1165 4487 1192 4529 et
1209 4473 1304 4529 secum
1315 4490 1396 4540 snper
1411 4489 1443 4525 eo

461 4553 488 4602 in
506 4552 619 4601 veritate
637 4551 664 4600 in
683 4548 855 4600 tabernaculo
869 4547 989 4606 Davidis,
1002 4545 1125 4610 judicans
1137 4553 1164 4594 et
1176 4557 1308 4609 quaerent
1318 4541 1443 4606 indicium

461 4627 489 4668 et
500 4617 632 4668 testinans
643 4615 773 4680 justitiam
781 4613 797 4636 ”
808 4612 892 4676 (Esai.
903 4613 957 4664 xvi.
972 4625 994 4671 r,
1007 4609 1047 4674 5);
