3338 5300
640 665 767 718 mssro
789 663 1010 717 caucis—n.
1027 667 1077 716 22.
1379 669 1415 735 3¹

363 833 431 900 Sed
453 833 539 899 haec
559 845 639 899 sunt
659 835 762 899 modo
780 836 971 910 summaria,
991 856 1078 919 quae
1100 835 1134 899 in
1157 834 1223 900 fine
1241 833 1338 917 hujus
1357 857 1417 901 vo·

298 927 444 1005 luminis,
468 930 523 994 ubi
546 930 589 994 de
611 929 773 1011 Mysterio
794 930 1041 1011 Redemptzbnis
1063 931 1234 1012 agendum
1261 940 1325 1005 est,
1349 931 1417 994 sin·

298 1024 442 1106 gulatim
465 1023 675 1100 evolventur,
696 1045 735 1088 ac
759 1027 793 1088 in
812 1035 990 1109 utramque
1009 1025 1119 1089 lucem
1143 1023 1417 1110 tam1¹¹spiritua·

298 1119 365 1183 lem
384 1139 485 1202 quam
504 1118 695 1185 naturalem
715 1121 904 1184 mittentur.

360 1229 424 1280 Μ.
456 1214 596 1297 Insuper
622 1215 655 1276 in
682 1235 742 1278 suo
769 1215 913 1278 articulo
939 1215 972 1278 in
999 1215 1219 1297 sequentibus
1242 1216 1418 1280 evincetur

297 1308 388 1390 quod
419 1309 534 1372 Passio
563 1308 678 1372 Crucis
709 1309 845 1372 Domini
875 1329 942 1373 non
975 1309 1073 1372 fuerit
1109 1309 1325 1392 Redemptio,
1357 1310 1416 1372 sed

298 1402 444 1466 medium
462 1403 601 1466 intimae
621 1403 764 1467 Unionis
783 1423 859 1466 cum
879 1403 1002 1468 Divino
1021 1403 1140 1480 Patris,
1160 1424 1205 1468 ex
1224 1424 1291 1487 quo
1310 1405 1417 1469 exivit

297 1506 333 1560 et
355 1498 388 1559 in
408 1498 499 1580 quod
522 1499 629 1561 rediit.
676 1498 715 1561 In
739 1518 840 1581 opere
867 1497 953 1562 Vera
978 1496 1177 1563 Christiana
1198 1497 1338 1580 Religio,
1358 1519 1416 1562 cu·

292 1590 346 1672 jus
365 1591 551 1675 Appendix
574 1603 626 1656 est
650 1592 714 1655 hoc
749 1589 918 1668 volumen,
943 1611 975 1654 n.
999 1607 1066 1673 132,
1090 1607 1159 1673 133,
1179 1613 1322 1656 exorsus
1345 1614 1417 1658 sum

297 1685 530 1750 demonstrare
553 1687 643 1770 quod
671 1687 785 1750 Passio
808 1686 924 1750 Crucis
946 1685 1103 1750 credatur
1125 1685 1225 1748 fuisse
1248 1687 1320 1768 ipsa
1347 1684 1415 1748 Re·

297 1771 449 1863 demptio
460 1783 504 1846 sit
516 1781 777 1845 fundamentalis
790 1801 881 1844 error
893 1779 1069 1844 Ecclesiae
1081 1779 1264 1843 hodiernae
1277 1779 1416 1843 Christi·

296 1894 401 1952 anae;
431 1886 466 1939 et
485 1877 575 1958 quod
598 1875 655 1940 ille
674 1897 775 1950 error,
796 1896 861 1938 una
880 1895 956 1938 cum
975 1895 1087 1938 errore
1110 1874 1153 1937 de
1172 1874 1278 1938 tribus
1297 1874 1414 1938 Perso-

297 1970 348 2032 nis
372 1969 501 2034 Divinis
524 1971 568 2034 ab
590 1980 741 2044 aeterno,
762 1971 962 2052 perverterit
985 1979 1096 2033 totam
1115 1969 1306 2034 Ecclesiam
1329 1969 1416 2032 adeo

298 2073 335 2127 ut
361 2085 429 2128 non
452 2065 588 2148 aliquod
611 2065 779 2128 residuum
803 2064 976 2146 spirituale
999 2065 1033 2128 in
1055 2063 1114 2128 illa
1137 2065 1291 2146 supersit.
1338 2063 1414 2130 Hoc

297 2157 435 2223 ulterius
468 2161 501 2224 in
534 2159 752 2242 sequentibus
784 2161 887 2223 etiam
918 2159 1224 2237 demonstrabitur;
1259 2169 1294 2224 et
1325 2161 1414 2242 quod

297 2253 382 2318 duae
398 2253 476 2318 illae
491 2252 657 2318 falsitates
673 2273 712 2317 ac
726 2256 931 2336 imposturae
943 2253 1065 2316 suerint
1081 2256 1312 2336 comparative
1328 2255 1414 2318 sicut

297 2348 482 2431 papiliones
497 2348 629 2430 jugales
651 2349 808 2412 volantes
830 2351 864 2411 in
887 2349 997 2424 horto,
1018 2349 1073 2432 qui
1096 2349 1229 2430 pariunt
1252 2369 1317 2412 ova
1339 2369 1414 2413 ver·

297 2444 434 2520 micosa,
448 2464 533 2526 quae
546 2440 711 2506 exclusam
724 2444 881 2507 arborum
891 2441 969 2506 solia
984 2443 1028 2506 ibi
1044 2443 1179 2524 penitus
1191 2455 1412 2508 consumunt:

297 2547 331 2601 et
354 2559 488 2622 quoque
506 2539 595 2621 quod
619 2537 740 2602 fuerint
759 2539 845 2602 sicut
864 2539 1054 2602 coturnices
1077 2557 1096 2600 e
1119 2538 1202 2601 mari
1221 2557 1320 2619 super
1339 2557 1413 2602 cas-

297 2642 350 2696 tra
373 2633 600 2696 Israelitarum
620 2633 796 2708 demissae,
816 2653 861 2696 ex
884 2631 1013 2716 quibus,
1033 2632 1113 2694 dum
1137 2631 1413 2706 comedebantur,

296 2728 329 2790 in
352 2728 478 2811 populo
501 2727 603 2810 plaga
625 2747 749 2809 magna
771 2725 860 2791 facta
882 2737 955 2803 est;
989 2737 1024 2790 et
1047 2727 1112 2790 hoc
1136 2737 1315 2808 propterea
1337 2729 1414 2811 quia

296 2841 374 2885 man
397 2843 416 2887 e
439 2822 545 2896 caelo,
567 2841 625 2904 per
646 2822 736 2905 quod
759 2822 793 2884 in
816 2841 973 2903 supremo
996 2839 1095 2884 sensu
1119 2819 1319 2901 intelligitur
1341 2821 1412 2885 Do·

296 2917 414 2992 minus,
430 2915 664 2980 lastidiverunt
680 2927 715 2980 et
732 2925 931 2998 spreverunt
949 2913 1063 2997 (Num.
1081 2915 1126 2976 xi.
1145 2927 1172 2994 5,
1185 2913 1216 2987 6,
1232 2927 1354 2995 32—35;
1378 2925 1413 2979 et

295 3010 376 3086 Joh.
395 3011 437 3074 vi.
458 3027 507 3091 31,
529 3027 579 3091 32,
597 3025 713 3091 49-51,
735 3009 800 3092 58).
851 3010 898 3073 Et
922 3029 1022 3092 porro
1040 3008 1108 3072 duo
1130 3007 1178 3072 illi
1196 3028 1324 3072 errores
1343 3009 1412 3074 sue·

295 3116 373 3170 runt
402 3107 488 3169 sicut
519 3107 605 3169 duae
634 3104 746 3168 stillae
775 3104 922 3187 fuliginis
948 3125 1005 3168 seu
1032 3104 1153 3167 atrocis
1179 3103 1307 3178 sutorii,
1335 3103 1413 3167 vino

296 3199 399 3264 nobili
428 3199 565 3274 infusae,
593 3219 632 3262 ac
659 3199 692 3262 in
718 3201 807 3262 vitro
834 3195 1067 3274 circumadtae‚
1095 3217 1140 3260 ex
1167 3197 1286 3282 quibus
1312 3217 1412 3262 omne

295 3295 479 3378 limpidum,
503 3304 600 3377 grate
625 3292 745 3358 halans
771 3302 806 3356 et
829 3293 981 3375 sapidum
1004 3293 1083 3368 vini,
1106 3301 1284 3356 vertuntur
1305 3291 1339 3354 in
1362 3293 1411 3356 ni·

294 3407 402 3474 grum,
421 3388 559 3465 olidum,
579 3397 614 3454 et
633 3387 918 3452 nauseabundum.
