3288 5294
263 636 323 706 750
582 637 633 687 DE
655 635 761 688 NOVA
784 634 1062 688 HIEROSOLYMA

312 803 402 878 Quod
413 805 543 862 Verbum
555 822 614 860 non
624 805 684 861 alio
694 805 772 878 stylo
781 805 927 862 conscribi
941 806 1080 878 potuerit,
1092 815 1126 862 ut
1136 821 1189 876 per
1201 805 1230 861 id
1244 821 1378 862 commu·

259 877 370 934 nicatio
382 887 413 932 et
425 874 598 946 conjunctio
611 892 679 931 curn
692 877 781 932 caelis
794 887 873 932 esset
887 879 927 946 (6.
941 875 1018 946 7899,
1031 876 1215 946 69439487).

313 947 401 1020 Quod
420 947 507 1002 valde
531 957 630 1002 errent
652 947 703 1018 qui
727 947 858 1002 Verbum
883 957 1006 1019 propter
1025 947 1135 1018 stylum
1157 946 1323 1017 simplicem
1347 955 1379 1001 et

259 1019 362 1073 rudem
381 1018 419 1072 ad
438 1017 641 1087 apparentiam
655 1028 860 1081 contemnunt,
874 1029 904 1072 et
920 1017 970 1088 qui
988 1017 1122 1090 cogitant
1133 1018 1215 1088 quod
1229 1016 1377 1088 recepturi

258 1088 390 1144 Verbum
404 1088 429 1142 si
442 1087 501 1142 alio
514 1088 592 1159 stylo
605 1089 748 1158 scripturn
762 1087 867 1143 luisset
880 1089 920 1158 (n.
933 1088 1025 1158 8783).

311 1156 400 1228 Quod
419 1158 509 1214 etiam
529 1159 636 1213 modus
654 1159 802 1214 scribendi
821 1170 852 1213 et
872 1159 966 1231 stylus
985 1156 1199 1228 antiquissimis
1217 1155 1308 1212 luerit
1326 1171 1379 1228 per

259 1229 509 1298 repraesentativa
521 1239 551 1284 et
564 1229 760 1300 significativa
772 1231 811 1298 (n.
824 1229 885 1298 665,
901 1241 931 1294 17
950 1229 975 1292 6,
988 1229 1079 1298 9947).

311 1295 400 1369 Quod
418 1299 566 1369 sapientes
581 1299 695 1370 antiqui
709 1297 847 1354 6616616ῑὶ
865 1299 926 1355 6167
967 1300 1046 1362 erbo,
1059 1298 1130 1369 quia
1147 1298 1187 1354 ibi
1207 1313 1378 1369 repraesen-

259 1367 321 1423 tiva
333 1379 365 1422 et
377 1368 574 1440 significativa
587 1370 634 1438 (ab
645 1373 834 1440 experientia,
847 1386 875 1424 n.
890 1385 905 1424 a
925 1383 967 1440 92,
982 1371 1071 1439 7593).

312 1435 343 1493 51
369 1439 460 1494 176676
480 1439 713 1510 Antiquissimae
738 1439 885 1494 Ecclesiae
907 1383 1026 1510 iegisset
1039 1439 1179 1500 Verbum,
1192 1439 1274 1562 quod
1298 1439 1377 1520 clare

258 1508 382 1564 vidisset
396 1509 445 1564 illa
457 1526 532 1580 quae
546 1511 576 1564 in
589 1527 678 1566 sensu
692 1509 811 1570 interno
821 1509 911 1566 Verbi
924 1519 1003 1572 sunt,
1012 1518 1043 1564 et
1055 1510 1180 1564 obscure
1194 1510 1202 1562 i
1215 1510 1244 1564 la
1255 1524 1333 1580 quae
1346 1523 1376 1562 76

259 1595 348 1634 66666
361 1591 486 1634 externo
501 1581 540 1648 (6.
556 1580 635 1650 449[?
647 1581 752 1649 4493)).

313 1647 401 1721 Quod
418 1651 470 1704 filii
485 1649 588 1722 Jacobi
608 1651 636 1704 in
657 1651 778 1706 Terram
792 1649 961 1706 Canaanem
974 1647 1095 1704 dedunt
1108 1649 1177 1711 sint,
1190 1648 1261 1718 quia
1279 1648 1308 1703 16
1328 1647 1379 1703 illa

258 1729 337 1774 terra
349 1720 450 1774 omnia
468 1721 534 1775 loca
551 1721 588 1775 ab
604 1720 818 1792 antiquissimis
833 1721 1018 1790 temporibus
1031 1719 1283 1790 repraesentativa
1299 1716 1378 1774 16616

258 1800 329 1845 6667
342 1792 383 1860 (n.
400 1805 409 1843 7
416 1791 473 1860 585,
488 1791 564 1859 3686,
577 1791 776 1860 4447[14447],
792 1791 868 1861 5736,
881 1791 972 1860 6576).

314 1859 351 1915 Et
363 1861 406 1915 sic
419 1872 452 1916 ut
461 1861 594 1944 Verbum
606 1863 645 1916 ibi
658 1863 901 1924 conscriberetur,
910 1861 940 1916 in
953 1877 1014 1932 quo
1024 1859 1091 1917 loca
1100 1859 1283 1915 nominanda
1292 1869 1378 1916 erant

259 1932 824 2086 pmffiirqstergrsiurisqfflteiffimnqirffl
835 1944 957 2058 114717Ξῦ171
963 1929 1125 2058 3667176611717)16
1137 2000 1326 2056 immutatum
1337 1999 1378 2056 sit

258 2087 313 2144 pro
336 2081 382 2127 ter
394 2073 472 2126 711667
485 2083 614 2144 gentem,
628 2090 688 2128 non
701 2083 801 2129 autem
814 2074 913 2145 quoad
927 2089 1047 2129 sensum
1062 2073 1212 2128 internum
1227 2073 1268 2141 (6.
1284 2083 1377 2142 76453,

261 2157 271 2197 7
333 2158 354 2206 7,
371 2143 464 2212 76663,
481 2143 585 2212 76664).

312 2281 355 2338 117
373 2283 485 2339 sciatur
496 2284 567 2355 quid
586 2293 657 2340 6667
675 2293 706 2340 67
724 2283 826 2357 quales
844 2293 915 2340 sunt
933 2283 1216 2354 correspondentiae
1233 2292 1265 2338 et
1278 2281 1379 2355 qualia

258 2373 329 2420 sunt
348 2363 598 2436 repraesentativa
620 2364 649 2419 in
670 2363 778 2428 Verbo,
798 2365 866 2420 ideo
887 2363 1000 2436 aliquid
1022 2363 1060 2419 de
1081 2363 1139 2419 illis
1157 2379 1277 2436 quoque
1298 2361 1378 2418 dice-

257 2456 307 2501 tur
317 2461 360 2500 :-

312 2543 401 2628 9666
421 2544 521 2599 omnia
545 2560 620 2615 quae
638 2545 872 2616 correspondent
893 2543 983 2599 etiarn
1006 2552 1236 2615 repraesentent,
1255 2553 1286 2598 et
1307 2541 1377 2597 inde

258 2615 435 2686 significent,
450 2615 493 2670 sic
512 2627 545 2668 ut
563 2616 843 2686 correspondentiae
858 2625 889 2669 et
901 2614 1187 2685 repraesentationes
1206 2629 1297 2667 unum
1316 2612 1377 2668 sint

261 2687 300 2749 (n.
315 2685 408 2768 289,0[?
423 2684 511 2753 2896],
527 2685 810 2767 289729771129771.
824 2685 901 2754 2987.
916 2685 992 2768 2989,
1006 2700 1083 2754 2999.
1098 2684 1279 2768 7992772271·

258 2751 1377 2896 exilii.t.¹stetistisastas?titillanti-‘attilani

258 2895 546 3049 mztirzrtzlg’sgizegrfflia
563 2965 891 3035 correspondentiarum
911 2975 942 3022 et
960 2964 1267 3036 repraesentationum
1286 2962 1377 3019 luerit

259 3051 417 3107 praecipua
435 3045 560 3090 66766776
577 3051 595 3088 6
617 3035 655 3088 66
681 3035 820 3107 antiquos
841 3038 881 3104 (n.
897 3051 974 3106 3021,
990 3051 1067 3106 3419,
1082 3035 1161 3104 4280,
1176 3033 1273 3104 4749[?
1285 3033 1376 3102 47481.

258 3105 567 3190 4864997796584
620 3104 729 3187 ,18996
743 3119 820 3175 7729.
836 3108 942 3176 79252)-

262 3176 462 3314 1046799666
481 3175 560 3246 6966
582 3177 740 3232 orientales
761 3179 802 3246 (6.
820 3189 897 3246 5767,
912 3177 990 3247 6697,
1004 3189 1081 3246 7697,
1095 3187 1173 3246 7779,
1188 3189 1266 3245 9391,
1283 3185 1376 3245 10252,

342 3318 401 3372 uod
416 3316 445 3370 in
459 3315 599 3386 Aegypto
612 3331 681 3385 prae
693 3316 758 3372 aliis
773 3317 813 3384 (n.
829 3329 903 3386 5767,
913 3317 991 3386 6697,
1002 3329 1078 3385 7697,
1093 3329 1170 3384 7779,
1181 3329 1259 3384 9397,
1271 3315 1376 3384 76467).

312 3314 403 3512 {uod
417 3387 506 3442 etiam
519 3386 598 3456 apud
611 3387 747 3457 gentiles,
756 3397 789 3442 ut
802 3387 831 3442 in
845 3385 969 3442 Graecia
981 3397 1012 3442 et
1024 3387 1093 3442 alibi
1108 3389 1149 3454 (n.
1163 3385 1240 3452 2762,
1253 3387 1344 3454 7779).

352 3457 371 3511 6
384 3458 465 3528 quod
479 3455 568 3512 hodie
582 3457 659 3512 inter
667 3457 805 3512 scientias
818 3457 988 3527 deperditas
1000 3458 1048 3520 sit,
1059 3457 1098 3511 im
1121 3457 1203 3512 rimis
1216 3455 1246 3509 iu
1258 3455 1378 3526 Europa

260 3529 301 3594 tn·
315 3527 392 3596 2894·
406 3527 483 3596 2897,
497 3541 574 3610 2994.
589 3527 666 3610 3679.
681 3528 757 3610 7672»
771 3528 1057 3611 stremonius
1105 3569 1117 3612 ,.
1133 3527 1238 3610 79752).
1318 3595 1324 3609 ,

313 3595 402 3669 Quod
424 3613 517 3668 usque
541 3598 589 3652 rlla
611 3609 735 3653 66766776
756 3607 887 3668 97666767
911 3599 1051 3654 omnibus
1071 3609 1211 3658 scrcntns,
1232 3611 1375 3666 quoniam

259 3669 371 3737 absque
384 3668 433 3722 illa
446 3685 505 3722 non
520 3667 695 3739 intelligitur
704 3669 844 3730 Verbum,
855 3683 909 3724 666
921 3669 993 3738 quid
1007 3667 1175 3738 significant
1188 3667 1262 3722 ritus
1277 3665 1377 3722 Eccle-

259 3739 321 3794 siae
333 3737 473 3810 Judaicae
486 3739 523 3792 de
537 3738 645 3808 quibus
660 3739 688 3792 16
702 3739 809 3801 1167176,
824 3755 878 3794 666
893 3739 986 3794 scitur
997 3739 1084 3810 quale
1096 3738 1220 3799 caelum,
1234 3753 1289 3791 nec
1304 3735 1376 3808 quid

259 3807 419 3879 spirituale,
433 3824 487 3862 nec
505 3809 659 3880 quomodo
671 3825 703 3864 se
717 3809 805 3864 habet
818 3825 886 3862 cum
901 3809 1012 3863 influxu
1028 3807 1173 3880 spirituali
1188 3807 1218 3862 in
1234 3807 1376 3870 naturale,

259 3889 290 3934 et
304 3879 388 3948 plura
399 3878 457 3933 alia
472 3883 510 3946 (n.
524 3877 601 3944 4280,
615 3889 646 3934 et
660 3880 688 3932 in
702 3879 774 3934 locis
787 3895 877 3949 supra
888 3879 1008 3948 citatis).

313 3946 401 4020 Quod
415 3949 516 4002 omnia
528 3965 604 4018 quae
616 3949 695 4018 apud
709 3950 831 4020 angelos
844 3959 875 4004 et
887 3949 1008 4021 spiritus
1021 3957 1173 4020 apparent,
1186 3949 1248 4004 sint
1260 3964 1378 4019 reprae-

259 4017 407 4074 sentativa
424 4019 587 4072 secundum
609 4019 887 4088 correspondentias
907 4019 1011 4074 talium
1032 4035 1109 4090 quae
1130 4031 1200 4074 sunt
1218 4020 1329 4074 amoris
1346 4028 1378 4074 et

260 4087 329 4143 fidei
356 4089 395 4158 (n-
418 4101 491 4158 197¹.
509 4089 674 4158 3213-3226.
697 4089 793 4159 775718
809 4091 897 4160 69491.
917 4101 994 4159 7475.
1014 4089 1090 4159 7785.
1104 4089 1182 4158 9487.
1201 4101 1279 4158 9777
1298 4089 1377 4159 9776.

259 4171 328 4228 9577
342 4199 401 4283 1766
415 4229 488 4284 caeli
501 4229 561 4284 sint
574 4229 653 4298 91661
668 4229 927 4300 7697666667671716
941 4231 981 4298 (n.
997 4241 1071 4298 7577,
1085 4242 1160 4298 7537,
1176 4229 1264 4298 7679).

342 4299 402 4353 666
421 4300 671 4368 repraesentativa
689 4315 726 4354 eo
745 4301 913 4370 pulchriora
927 4311 958 4356 et
977 4297 1154 4371 perleiiiora
1165 4299 1304 4362 existant,
1316 4315 1377 4370 quo

260 4368 384 4423 interius
398 4369 428 4422 in
441 4369 529 4424 caelis
543 4371 584 4436 (n.
598 4371 688 4438 3475).

342 4439 401 4494 666
424 4441 674 4510 repraesentativa
696 4439 736 4494 ibi
758 4439 819 4494 sint
842 4441 1032 4511 apparentiae
1057 4439 1159 4502 reales,
1175 4439 1247 4511 quia
1270 4455 1288 4495 a
1309 4439 1375 4497 tuce

258 4523 311 4564 cae
324 4525 341 4570 ι,
354 4523 430 4579 quae
443 4519 488 4564 est
503 4507 644 4564 Divinum
655 4509 782 4574 Verum;
797 4520 829 4565 et
841 4511 899 4566 hoc
911 4521 957 4568 est
970 4511 1068 4582 ipsum
1078 4511 1235 4570 essentiale
1247 4511 1376 4568 existen·

258 4578 319 4634 tiae
331 4579 464 4634 omnium
479 4581 519 4648 (n.
533 4580 624 4650 3485).
