3288 5294
266 675 326 744 106
586 691 637 742 ua
660 691 765 742 nova
789 691 1064 744 munosouvnn

262 876 327 920 vae
349 865 439 932 sunt,
460 876 631 944 seuquae
654 857 745 920 vitae
768 855 963 939 spiritualis,
987 866 1066 920 sunt
1093 876 1174 920 vera
1196 877 1283 940 quae
1305 877 1379 922 cre·

261 949 377 1014 denda
387 958 424 1013 et
436 950 527 1014 bona
538 969 625 1032 quae
638 950 812 1029 lacienda3
831 949 889 1014 illa
901 959 981 1014 sunt
993 949 1081 1026 fidei,
1091 949 1176 1014 haec
1189 952 1378 1016 charitatis.

263 1043 360 1108 Haec
379 1046 465 1108 scire
484 1063 585 1108 nemo
604 1054 720 1127 potest
743 1065 789 1108 ex
812 1065 860 1121 se,
881 1064 960 1108 nam
983 1044 1089 1108 homo
1107 1064 1176 1108 non
1199 1047 1292 1128 capit
1315 1045 1379 1109 nisi

261 1159 348 1222 quae
360 1138 462 1203 obvia
472 1138 605 1203 suerunt
618 1140 774 1202 sensibus
787 1161 795 1218 ;
813 1138 939 1204 exiliis
952 1139 1163 1222 comparavit
1176 1139 1239 1202 sibi
1253 1139 1379 1214 lumen,

262 1232 353 1315 quod
383 1231 498 1296 lumen
528 1232 683 1297 naturale
713 1241 868 1308 vocatur,
895 1253 941 1297 ex
971 1253 1039 1315 quo
1067 1253 1138 1296 non
1167 1233 1259 1296 aliud
1284 1233 1381 1297 videt

262 1344 364 1408 quam
383 1346 468 1409 quae
488 1327 604 1390 mundi
623 1337 754 1392 suntet
778 1347 865 1410 quae
883 1327 945 1402 sui,
965 1345 1034 1390 non
1053 1338 1169 1390 autem
1188 1346 1275 1411 quae
1294 1325 1380 1390 caeli

262 1429 298 1484 et
314 1440 400 1503 quae
417 1420 501 1498 Dei;
525 1420 610 1484 haec
623 1421 733 1486 discet
749 1442 794 1485 ex
810 1421 1030 1485 revelatione.
1076 1419 1138 1497 Ut,
1152 1420 1243 1504 quod
1260 1420 1380 1484 Domi·

262 1534 336 1590 nus,
347 1515 403 1597 qui
419 1514 463 1578 ab
477 1525 619 1578 aeterno
632 1515 736 1590 Deus,
749 1516 783 1578 in
800 1515 963 1578 mundum
973 1517 1105 1579 venerit
1121 1515 1164 1578 ad
1177 1514 1380 1578 salvandum

261 1628 370 1690 genus
389 1608 594 1688 humanum;
617 1609 708 1692 quod
728 1609 798 1692 Ipsi
813 1610 924 1672 omnis
939 1619 1096 1691 potestas
1112 1610 1157 1673 sit
1176 1610 1209 1673 in
1229 1608 1325 1672 caelo
1343 1617 1381 1673 et

261 1703 296 1766 in
320 1711 429 1780 terra;
460 1703 551 1784 quod
574 1722 675 1767 omne
698 1701 777 1767 fidei
804 1713 840 1767 et
866 1723 968 1767 omne
991 1703 1179 1778 charitatis,
1203 1704 1253 1768 ita
1278 1723 1380 1767 omne

261 1815 378 1860 verum
401 1807 437 1860 et
464 1798 602 1874 bonum,
625 1799 670 1862 sit
693 1797 737 1861 ab
760 1797 859 1880 Ipso;
890 1798 981 1880 quod
1005 1797 1137 1862 caelum
1160 1799 1205 1861 sit
1232 1807 1268 1862 et
1289 1797 1379 1880 quod

261 1889 448 1969 infernum;
479 1891 569 1974 quod
594 1891 699 1955 homo
721 1889 869 1955 vidturus
893 1893 938 1956 sit
964 1893 998 1954 in
1025 1901 1214 1968 aeternum,
1238 1892 1266 1956 si
1292 1891 1380 1956 bene

262 1985 371 2067 egerit
390 1985 424 2048 in
443 1984 550 2060 caelo,
570 1986 598 2049 si
617 1985 705 2050 male
724 1985 757 2048 in
776 1986 916 2050 inferno.

321 2080 414 2164 178.
443 2079 540 2145 Haec
560 2092 595 2144 et
614 2080 711 2164 plura
725 2091 806 2144 sunt
827 2080 916 2156 fidei,
933 2101 1021 2164 quae
1036 2081 1142 2145 homo
1160 2081 1217 2165 qui
1234 2100 1380 2162 regene-

261 2173 387 2236 randus
405 2183 471 2248 est,
491 2174 576 2237 scire
595 2165 719 2252 deblt3
743 2193 822 2237 nam
841 2175 898 2256 qui
917 2174 982 2237 scit
1001 2173 1070 2250 illa,
1088 2174 1244 2256 cogitare
1263 2181 1380 2255 potest

262 2266 331 2342 illa,
355 2267 434 2331 dein
460 2267 549 2331 velle
571 2267 639 2343 illa,
664 2277 700 2332 et
726 2267 863 2332 demum
886 2267 997 2330 iacere
1023 2267 1092 2342 illa,
1115 2277 1152 2331 et
1178 2268 1226 2330 sic
1254 2266 1380 2330 habere

262 2362 369 2425 vitam
382 2381 516 2425 novam.
557 2361 620 2438 Ut,
633 2363 690 2445 qui
706 2381 774 2424 non
790 2362 856 2426 scit
872 2361 963 2443 quod
980 2361 1147 2424 Dominus
1159 2361 1204 2425 sit
1220 2359 1381 2424 Salvator

260 2457 397 2539 generis
415 2455 565 2531 humani,
582 2473 651 2519 non
671 2466 788 2538 potest
804 2455 906 2519 fidem
923 2455 1047 2519 habere
1066 2457 1100 2519 in
1120 2455 1247 2538 lpsum,
1264 2474 1380 2518 amare

263 2551 389 2636 Ipsum,
409 2561 445 2616 et
464 2552 512 2615 sic
530 2551 641 2615 iacere
660 2551 787 2615 bonum
807 2559 947 2633 propter
965 2549 1092 2632 Ipsum.
1137 2549 1202 2632 Qui
1227 2569 1295 2613 non
1314 2551 1380 2614 scit

262 2647 352 2732 quod
375 2665 477 2710 omne
500 2646 627 2709 bonum
647 2647 691 2711 sit
715 2647 759 2710 ab
778 2645 868 2729 Ipso,
890 2665 958 2708 non
979 2653 1096 2727 potest
1115 2647 1269 2727 cogitare
1287 2645 1378 2728 quod

262 2740 354 2804 salus
372 2761 432 2804 sua
451 2741 495 2804 sit
518 2740 562 2804 ab
585 2740 676 2822 Ipso,
696 2741 806 2804 minus
825 2749 942 2822 potest
960 2738 1050 2802 velle
1069 2741 1160 2822 quod
1183 2741 1232 2802 ita
1254 2740 1311 2814 sit,
1331 2740 1380 2802 ita

262 2855 331 2899 non
347 2844 464 2919 potest
480 2835 593 2899 vivere
609 2835 652 2898 ab
668 2836 758 2919 Ipso.
799 2833 865 2916 Qui
882 2853 950 2896 non
966 2834 1031 2896 scit
1046 2834 1137 2916 quod
1153 2833 1317 2897 infernum
1335 2834 1379 2897 sit

261 2939 298 2994 et
326 2929 418 3012 quod
447 2929 591 3004 caelum,
622 2950 684 2994 nec
715 2929 806 3013 quod
836 2929 908 2991 vita
937 2938 1088 3002 aeterna,
1118 2929 1146 2991 is
1171 2947 1214 2992 ne
1242 2928 1378 3012 quidem

262 3024 415 3106 cogitare
439 3032 555 3105 potest
578 3023 621 3087 de
643 3025 715 3088 vita
737 3022 835 3098 caeli,
855 3041 918 3086 nec
937 3021 1110 3104 applicare
1132 3043 1169 3086 se
1191 3022 1235 3086 ad
1257 3023 1378 3106 recipi·

261 3119 387 3184 endum
406 3118 510 3182 illam.
556 3119 611 3183 lta
629 3121 662 3183 in
682 3119 828 3204 reliquis.

321 3231 416 3300 179.
443 3215 634 3299 Unicuique
653 3227 706 3282 est
725 3217 830 3284 homo
845 3218 999 3283 internus
1014 3225 1050 3281 et
1068 3217 1173 3281 homo
1191 3225 1378 3295 externus;

261 3309 414 3383 internus
433 3319 486 3372 est
505 3309 561 3391 qui
584 3310 689 3373 homo
706 3311 890 3393 spiritualis
908 3321 1062 3386 vocatur,
1082 3319 1118 3374 et
1141 3319 1305 3374 externus
1323 3311 1379 3392 qui

261 3403 366 3467 homo
390 3403 571 3467 naturalis:
605 3413 746 3487 uterque
769 3406 1023 3486 regenerandus
1049 3413 1114 3478 est,
1139 3413 1175 3468 ut
1203 3403 1307 3468 homo
1329 3424 1381 3467 re·

261 3508 446 3582 generatus
468 3499 523 3562 sit.
568 3497 673 3581 Apud
698 3498 872 3563 hominem
895 3501 951 3584 qui
979 3519 1047 3563 non
1069 3509 1291 3581 regeneratus
1313 3508 1378 3574 est,

261 3603 425 3659 externus
448 3613 507 3658 seu
530 3593 694 3658 naturalis
712 3593 817 3657 homo
840 3596 996 3678 imperat,
1016 3613 1055 3658 ac
1078 3595 1231 3658 internus
1254 3594 1379 3672 servit3

261 3698 298 3753 at
321 3689 410 3771 apud
430 3687 603 3751 hominem
627 3688 682 3770 qui
705 3699 927 3770 regeneratus
946 3697 1011 3764 est,
1028 3691 1182 3752 internus
1200 3707 1259 3751 seu
1282 3688 1379 3770 spiri-

193 3804 195 3819 *
260 3781 363 3848 tualis
379 3782 484 3846 homo
499 3783 655 3865 imperat,
669 3791 704 3846 et
722 3791 886 3846 externus
899 3785 1014 3847 servit.
1056 3781 1159 3848 Unde
1175 3791 1272 3865 patet
1288 3781 1381 3864 quod

261 3877 351 3960 apud
370 3877 544 3942 hominem
560 3897 581 3941 a
596 3879 780 3942 nativitate
795 3879 879 3943 ordo
895 3881 986 3942 vitae
1002 3880 1155 3942 inversus
1171 3880 1227 3953 sit,
1244 3897 1379 3961 nempe,

260 3973 352 4056 quod
371 3973 536 4054 imperare
553 3973 657 4036 debet
676 3972 742 4037 hoc
759 3973 874 4048 servit,
891 3983 927 4036 et
946 3974 1036 4058 quod
1052 3972 1178 4036 servire
1193 3973 1296 4036 debet
1313 3973 1379 4036 hoc

260 4069 415 4148 imperat.
453 4067 516 4130 Ille
528 4068 612 4130 ordo
628 4067 847 4132 invertendus
860 4077 925 4142 est,
938 4079 975 4132 ut
992 4067 1097 4132 homo
1109 4067 1232 4131 salvari
1248 4067 1378 4150 possit:

260 4171 296 4226 et
329 4160 414 4225 haec
442 4161 588 4224 inversio
617 4181 831 4244 nequaquam
860 4163 1010 4226 existere
1040 4172 1157 4245 potest
1186 4181 1287 4244 quam
1320 4181 1381 4244 per

260 4257 555 4338 regenerationem
574 4275 595 4319 a
614 4254 773 4320 Domino.

320 4351 419 4418 180.
449 4349 539 4433 Quid
551 4353 595 4415 sit
608 4351 699 4434 quod
714 4353 869 4416 internus
884 4351 990 4416 homo
1002 4353 1147 4435 imperet
1159 4361 1195 4416 et
1212 4361 1378 4416 externus

260 4444 398 4519 serviat,
418 4463 457 4507 ac
485 4444 644 4519 vicissim,
668 4443 856 4509 illustretur
881 4465 941 4527 per
964 4443 1129 4509 hocz-Si
1153 4445 1257 4510 homo
1280 4446 1377 4528 ponit

260 4555 362 4602 omne
381 4537 507 4602 bonum
526 4539 560 4601 in
579 4537 704 4620 volupi‚
724 4537 758 4601 in
777 4537 881 4612 lucro,
902 4547 938 4603 et
960 4539 994 4602 in
1017 4537 1117 4614 fastu,
1135 4557 1174 4604 ac
1190 4539 1376 4621 jucundum

259 4630 366 4697 habet
384 4633 419 4696 in
437 4633 516 4698 odio
534 4641 571 4698 et
589 4629 747 4711 vindicta,
764 4642 800 4698 et
819 4633 959 4698 interius
976 4635 1010 4698 in
1030 4655 1066 4699 se
1085 4635 1253 4718 conquirit
1271 4634 1377 4699 ratio·
