3352 5298
466 679 514 730 sr
537 679 622 746 nJus
643 678 842 732 noemma
864 679 1139 732 canosam-n.
1154 681 1206 750 90.
1353 664 1395 747 63

278 848 355 932 plus
370 848 415 912 ab
430 848 568 912 homine
583 847 750 913 ecclesiae
765 849 915 930 requirit,
929 867 1030 934 quam
1047 859 1084 914 ut
1100 851 1194 914 vivat
1210 850 1396 914 secundum

277 943 313 1006 id
331 943 421 1026 quod
440 945 516 1006 scit.
1062 945 1066 954 '

338 1039 407 1121 87·
435 1038 525 1120 Quia
542 1038 671 1102 bonum
690 1039 781 1121 apud
799 1041 1062 1122 unumquemvis
1079 1050 1134 1104 est
1155 1041 1298 1116 varium,
1317 1041 1397 1104 inde

278 1133 431 1214 sequitur
452 1133 544 1215 quod
566 1131 667 1215 quale
689 1131 770 1195 boni
792 1131 1000 1197 determinet
1022 1134 1056 1196 in
1078 1153 1146 1215 quo
1161 1133 1276 1216 gradu
1300 1143 1336 1197 et
1363 1134 1397 1196 in

277 1245 345 1307 qua
367 1226 500 1290 ratione
522 1225 642 1308 aliquis
664 1234 718 1290 est
742 1227 927 1307 proximus.
973 1225 1075 1308 Quod
1100 1228 1149 1291 ita
1172 1227 1227 1301 sit,
1253 1236 1351 1310 patet
1376 1247 1397 1290 a

278 1318 418 1383 Domini
433 1319 596 1402 parabola
611 1320 655 1384 de
670 1319 730 1383 illo
745 1321 801 1402 qui
817 1321 937 1384 incidit
953 1321 987 1384 in
1003 1319 1166 1395 latrones,
1180 1341 1281 1403 quem
1294 1322 1395 1384 semi·

277 1423 449 1478 mortuum
462 1415 622 1478 sacerdos
634 1415 842 1497 praeterivit,
851 1425 888 1478 et
900 1435 1034 1498 quoque
1048 1415 1185 1492 Levita;
1205 1416 1265 1478 sed
1278 1414 1397 1479 Sama·

277 1509 355 1582 rita,
375 1518 557 1590 postquam
576 1508 743 1590 obligavit
763 1507 904 1572 vulnera
922 1509 1003 1590 ejus,
1023 1519 1059 1572 et
1082 1509 1202 1573 infudit
1222 1509 1335 1573 oleum
1358 1520 1395 1574 et

277 1603 405 1677 vinum,
418 1602 557 1666 sustulit
570 1622 670 1684 super
679 1604 851 1686 proprium
860 1601 1063 1684 jumentum,
1077 1613 1113 1666 et
1125 1604 1224 1666 duxit
1237 1605 1270 1666 in
1284 1604 1395 1666 diver·

278 1697 415 1771 sorium,
423 1705 459 1759 et
475 1697 644 1760 ordinavit
661 1707 698 1760 ut
715 1715 795 1760 cura
806 1695 877 1778 ejus
889 1697 1091 1760 haberetur:
1112 1696 1167 1761 hic
1180 1698 1257 1780 quia
1270 1697 1397 1760 bonum

279 1788 458 1854 charitatis
473 1791 638 1864 exercuit,
656 1791 831 1872 proximus
847 1789 970 1854 dicitur
984 1789 1075 1872 (Luc.
1092 1811 1126 1854 x.
1144 1791 1275 1874 29-37).
1311 1791 1397 1855 Inde

279 1885 357 1948 sciri
379 1894 496 1967 potest
519 1885 611 1967 quod
634 1885 810 1967 proximus
829 1885 899 1947 sint
917 1885 973 1967 qui
996 1886 1030 1947 in
1053 1885 1166 1949 bono:
1196 1887 1337 1949 “oleum
1359 1895 1395 1949 et

279 1977 425 2053 vinum,”
441 1999 527 2061 quae
544 1977 712 2042 Samarita
727 1977 921 2042 vulneribus
937 1979 1068 2055 infudit,
1081 1980 1186 2044 etiam
1203 1979 1396 2062 significant

279 2071 406 2138 bonum
424 2083 460 2137 et
478 2073 549 2154 ejus
567 2093 694 2136 verum.

338 2164 411 2232 88.
438 2164 496 2228 Ex
525 2165 625 2228 diuis
654 2183 744 2228 nunc
773 2173 873 2247 patet
901 2165 993 2247 quod
1023 2165 1057 2228 in
1085 2165 1268 2229 universali
1294 2185 1396 2229 sensu

280 2257 406 2321 bonurn
429 2257 474 2322 sit
497 2259 684 2340 proximus,
705 2258 782 2340 quia
805 2257 910 2321 homo
932 2266 987 2321 est
1010 2259 1187 2339 proximus
1210 2258 1397 2322 secundum

279 2350 379 2434 quale
400 2351 481 2416 boni
503 2352 594 2434 quod
621 2372 641 2415 a
664 2350 814 2414 Domino
836 2351 926 2433 apud
949 2350 1054 2414 illum.
1099 2351 1145 2414 Et
1169 2353 1246 2434 quia
1269 2351 1397 2414 bonum

279 2456 332 2510 est
349 2447 537 2526 proximus,
555 2455 609 2510 est
625 2465 731 2520 amor,
749 2464 828 2508 nam
844 2464 946 2508 omne
965 2445 1092 2508 bonum
1108 2456 1161 2508 est
1178 2446 1326 2523 amoris;
1349 2446 1398 2508 ita

280 2541 420 2623 quisque
438 2539 543 2604 homo
561 2550 616 2604 est
634 2540 810 2623 proximus
828 2539 1014 2604 secundum
1031 2539 1131 2623 quale
1149 2541 1274 2603 amoris
1292 2541 1347 2622 qui
1366 2540 1397 2604 ei

280 2643 369 2698 esta
388 2633 547 2698 Domino.

338 2729 412 2811 89.
440 2728 543 2811 Quod
562 2749 659 2794 amor
675 2729 720 2794 sit
739 2730 796 2811 qui
813 2728 895 2792 iacit
913 2737 950 2793 ut
972 2731 1151 2811 proximus
1172 2730 1228 2803 sit,
1247 2737 1283 2792 et
1305 2730 1397 2811 quod

280 2822 420 2904 quisque
443 2823 618 2906 proximus
640 2823 686 2886 sit
712 2822 898 2886 secundum
922 2821 1022 2904 quale
1045 2823 1170 2886 amoris
1193 2821 1274 2902 ejus,
1299 2831 1397 2904 patet

281 2915 460 2980 manifeste
478 2916 606 2980 abillis
625 2917 681 2998 qui
700 2917 733 2979 in
753 2935 868 2980 amore
884 2917 934 2979 sui
953 2925 1043 2980 sunt.
1089 2915 1144 2979 Illi
1162 2937 1223 2998 pro
1239 2916 1399 2998 proximo

279 3019 473 3091 agnoscunt
491 3011 547 3093 qui
570 3031 607 3074 se
630 3011 780 3074 maxime
802 3017 932 3083 amant,
953 3009 1018 3074 hoc
1041 3019 1112 3083 est,
1133 3020 1299 3092 quantum
1318 3021 1398 3074 sunt

281 3104 351 3181 sui;
384 3103 447 3168 hos
474 3101 737 3187 ampleuuntur,
762 3104 825 3168 hos
852 3103 1061 3178 osculantur,
1086 3103 1139 3167 his
1169 3104 1397 3177 benefaciunt,

280 3207 316 3262 et
338 3197 403 3264 hos
425 3199 546 3262 iratres
566 3208 715 3276 vocant;
743 3199 858 3274 immo,
878 3199 957 3280 quia
970 3198 1060 3262 ‚mali
1083 3207 1174 3273 sunt,
1194 3199 1257 3262 hos
1280 3199 1397 3262 dicunt

279 3293 473 3375 proximum
496 3313 571 3357 esse
594 3313 675 3375 prae
697 3292 791 3370 aliis;
822 3291 981 3375 reliquos,
1005 3293 1093 3356 sicut
1120 3313 1156 3356 se
1183 3303 1312 3367 amant,
1336 3311 1397 3374 pro

279 3389 438 3469 proximo
456 3387 596 3462 habent,
616 3389 665 3451 ita
683 3387 869 3452 secundum
888 3387 988 3470 quale
1007 3397 1043 3451 et
1066 3397 1232 3469 quantum
1251 3388 1395 3450 amoris:

280 3481 369 3546 tales
390 3503 412 3545 a
434 3503 470 3546 se
494 3484 661 3565 originem
680 3483 827 3564 proximi
849 3483 990 3556 ducunt,
1009 3503 1054 3546 ex
1078 3503 1181 3546 causa
1204 3483 1282 3566 quia
1303 3501 1400 3544 amor

280 3575 361 3642 iacit
387 3586 425 3640 et
447 3577 664 3640 determinat.
711 3575 765 3639 Illi
787 3587 904 3640 autem
931 3578 986 3659 qui
1012 3597 1050 3640 se
1077 3596 1146 3640 non
1174 3585 1292 3640 amant
1318 3595 1398 3657 prae

280 3669 364 3744 aliis,
380 3671 670 3754 quemadmodum
688 3672 882 3754 omnesqui
901 3691 920 3735 e
939 3689 1047 3753 regno
1066 3670 1204 3734 Domini
1223 3680 1314 3744 sunt,
1331 3671 1397 3733 ori·

280 3765 395 3846 ginem
418 3766 565 3847 proximi
588 3765 716 3830 ducent
738 3765 783 3828 ab
805 3765 886 3847 lpso
903 3785 1005 3848 quem
1028 3785 1130 3848 super
1147 3765 1261 3828 omnia
1283 3783 1398 3829 amare

280 3857 418 3934 debent,
442 3861 492 3924 ita
513 3881 533 3923 a
556 3859 725 3937 Domino;
753 3869 789 3924 et
811 3881 873 3943 pro
895 3861 1054 3943 proximo
1077 3859 1253 3923 habebunt
1276 3879 1397 3923 unum·

280 3955 433 4035 quemvis
449 3953 636 4018 secundum
652 3953 752 4037 quale
767 3955 892 4018 amoris
908 3956 941 4017 in
959 3953 1073 4036 Ipsum
1090 3963 1126 4017 et
1146 3955 1190 4017 ab
1207 3954 1296 4036 Ipso.
1341 3953 1398 4017 Ex

280 4045 332 4110 his
348 4047 455 4130 liquet
471 4047 560 4112 unde
576 4049 674 4130 origo
689 4049 837 4131 proximi
852 4049 896 4112 ab
912 4048 1050 4112 homine
1063 4047 1230 4111 ecclesiae
1243 4047 1399 4114 ducenda

280 4149 354 4218 est;
375 4151 413 4206 et
431 4141 522 4224 quod
541 4143 682 4225 quisque
698 4143 875 4225 proximus
892 4143 937 4206 sit
956 4143 1142 4206 secundum
1163 4143 1288 4205 bonum
1306 4143 1396 4225 quod

280 4255 300 4298 a
319 4234 479 4311 Domino,
499 4237 548 4300 ita
566 4237 675 4319 ipsum
695 4237 833 4300 bonum.

338 4347 416 4413 9⁰·
443 4330 547 4413 Quod
575 4333 624 4396 ita
648 4333 705 4407 sit,
728 4332 835 4396 etiam
861 4331 1030 4398 Dominus
1052 4331 1155 4395 docet
1185 4331 1277 4414 apud
1304 4330 1398 4395 Mat·

281 4422 436 4508 thaeum

330 4557 404 4609 Dixit
420 4558 493 4608 enirn
511 4557 565 4608 ntis
582 4559 627 4622 qut
644 4559 672 4608 tn
690 4559 764 4608 bono
780 4557 896 4617 fuerunt,
911 4558 981 4622 quod
999 4558 1121 4608 dederint
1139 4555 1195 4620 lpst
1213 4556 1285 4622 quod
1299 4555 1398 4615 ederet,

408 4624 481 4689 quod
500 4623 538 4674 illi
558 4624 713 4687 potaverint
730 4623 831 4688 ipsum,
848 4624 1005 4688 collegerint
1022 4623 1124 4688 Ipsum,
1141 4623 1277 4674 induerint
1296 4621 1396 4686 Ipsum,
