3282 5294
636 695 687 749 oa
709 695 941 750 calamna.
1305 703 1320 771 5
1327 701 1345 770 5,

226 885 341 948 usque,
358 865 435 947 quia
456 865 591 947 ignorat
613 865 692 949 quid
715 875 904 948 peccatum,
920 867 1028 932 credit
1051 887 1154 952 usque
1169 868 1261 952 quod
1277 888 1346 933 non

226 968 388 1041 peccator
403 961 456 1024 sit.
500 957 626 1023 Audivi
641 959 771 1042 aliquos
786 961 940 1025 dicentes
952 961 1043 1044 quod
1055 972 1253 1044 peccatores
1266 963 1344 1036 sint,

226 1055 317 1136 quod
331 1055 366 1117 in
381 1054 491 1118 omnis
502 1053 636 1135 generis
648 1055 799 1135 peccatis
810 1075 830 1118 a
841 1057 1065 1137 conceptione
1078 1065 1114 1121 et
1129 1076 1150 1119 a
1165 1057 1345 1120 nativitate

227 1150 305 1224 sint,
321 1147 413 1230 quod
429 1147 510 1211 nihil
528 1148 698 1229 integrum
713 1167 734 1210 a
749 1149 860 1230 capite
876 1149 919 1212 ad
934 1148 1048 1212 volam
1071 1149 1166 1231 pedis
1188 1151 1232 1214 sit
1255 1148 1345 1231 apud

225 1241 313 1317 illos,
325 1251 361 1305 et
376 1241 472 1322 plura
486 1241 627 1321 similia;
649 1251 685 1305 et
701 1242 779 1324 quia
792 1261 861 1306 non
873 1243 1044 1306 sciverunt
1059 1244 1138 1325 quid
1154 1253 1343 1325 peccatum,

226 1355 295 1400 non
317 1337 487 1400 sciverunt
510 1335 600 1418 quod
622 1355 718 1399 amor
732 1336 782 1400 sui
805 1345 841 1400 et
862 1335 968 1400 fastus
983 1337 1051 1400 sint
1067 1337 1180 1419 capita
1194 1338 1345 1401 omnium

226 1440 464 1512 peccatorum
482 1449 551 1494 non
563 1430 733 1494 sciverunt
750 1427 871 1512 [quod]
884 1431 964 1495 odio
974 1430 1098 1495 habere
1114 1441 1151 1495 et
1162 1432 1344 1506 vindicare,

226 1525 329 1589 modo
341 1544 409 1588 non
418 1525 605 1589 honoratur
615 1543 655 1587 ac
668 1522 790 1588 colitur
801 1525 888 1588 sicut
900 1525 1079 1600 semideus,
1089 1526 1133 1589 sit
1146 1533 1344 1606 peccatum;

226 1638 288 1684 nec
304 1619 395 1701 quod
410 1617 645 1700 blasphemare
661 1617 852 1699 proximum
868 1638 930 1701 pro
944 1619 1127 1694 inimicitia,
1144 1628 1180 1682 et
1202 1620 1250 1684 sic
1273 1629 1344 1684 tes·

225 1714 290 1778 tari
311 1713 395 1778 false
417 1721 537 1776 contra
558 1712 678 1793 ipsum,
702 1711 746 1776 sit
768 1722 967 1793 peccatum;
997 1731 1060 1777 nec
1086 1711 1205 1796 [quod]
1228 1711 1344 1777 fallere

225 1807 371 1891 aliquem
394 1807 505 1870 verbis
527 1816 563 1870 et
585 1803 681 1870 fastis
704 1806 748 1870 sit
770 1817 969 1888 peccatum
996 1827 1058 1871 nec
1081 1807 1171 1890 quod
1188 1818 1343 1872 contem·

224 1922 305 1966 nere
317 1901 422 1966 alium
444 1919 524 1982 prae
541 1919 589 1976 se,
605 1899 754 1964 invidere
769 1900 800 1964 ei
823 1919 883 1964 sua
904 1900 1004 1978 bona,
1021 1903 1259 1984 concupiscere
1274 1901 1342 1978 illa,

223 1997 267 2060 sit
283 2005 482 2078 peccatum;
505 2004 578 2058 tum
594 1995 750 2059 meritum
766 2013 891 2076 ponere
914 1996 948 2058 in
970 1996 1125 2060 omnibus
1140 1995 1251 2060 cultus
1268 1995 1342 2071 Dei,

223 2101 296 2155 tam
311 2091 345 2154 in
360 2088 426 2153 fide
441 2109 542 2172 quam
565 2090 598 2152 in
614 2089 791 2164 charitate,
807 2090 852 2154 sit
875 2099 1074 2171 peccatum
1097 2099 1231 2172 praeter
1246 2091 1342 2154 innu-

224 2205 318 2249 mera
331 2183 417 2262 alia;
439 2183 550 2247 audivi
566 2203 611 2246 ex
626 2181 691 2246 illis
707 2182 798 2265 quod
816 2203 884 2247 non
899 2184 1059 2248 sciverint
1077 2183 1159 2248 talia
1170 2204 1245 2248 esse
1261 2203 1341 2266 pec·

223 2289 311 2354 cata,
328 2279 396 2342 imo
411 2297 475 2341 nec
490 2276 626 2360 aliquid,
642 2276 874 2360 qualecunque
890 2279 944 2352 sit,
960 2278 1051 2360 quod
1067 2279 1139 2360 quis
1155 2277 1287 2360 cogitat
1306 2287 1343 2343 et

224 2393 293 2438 non
316 2372 473 2455 loquitur,
489 2381 525 2435 et
547 2371 638 2455 quod
660 2372 734 2453 quis
749 2370 823 2436 vult
838 2381 875 2436 et
897 2391 966 2436 non
982 2371 1080 2436 lacit:
1104 2392 1149 2435 ex
1165 2371 1224 2436 illa
1245 2372 1341 2454 igno·

223 2468 335 2532 rantia
352 2464 465 2548 [unus]
485 2465 572 2529 dixit
588 2465 678 2548 quod
702 2484 770 2528 non
786 2465 872 2530 sciat
887 2466 978 2548 quod
1001 2475 1161 2548 peccator
1176 2465 1241 2545 sit;
1264 2465 1343 2530 etsi

223 2563 297 2637 sim,
311 2561 410 2638 dixit,
423 2580 497 2624 sum
510 2559 703 2641 purifica-tus
718 2558 837 2623 abillis
850 2579 926 2624 cum
942 2561 1034 2625 oravi
1050 2560 1140 2643 quod
1156 2579 1224 2623 non
1237 2559 1342 2624 sciam

222 2675 299 2721 mea
321 2663 474 2737 peccata,
491 2653 594 2730 Deus,
610 2653 746 2718 remitte
769 2653 846 2733 illa;
873 2664 909 2718 at
932 2654 1032 2730 idem,
1049 2674 1125 2719 cum
1148 2653 1341 2736 exploravit

221 2771 269 2828 se,
286 2749 376 2834 quod
392 2745 516 2813 sactum
532 2748 633 2812 estin
650 2743 776 2812 mundo
792 2749 978 2830 spirituum,
995 2748 1234 2812 animadvertit
1250 2748 1341 2830 quod

221 2854 365 2928 peccata
380 2843 450 2924 ejus
472 2844 506 2906 in
529 2842 589 2907 tali
609 2861 749 2907 numero
765 2851 879 2906 essent
896 2853 1016 2906 utnon
1034 2852 1150 2924 posset
1165 2841 1224 2906 illa
1238 2841 1340 2918 effari,

221 2949 257 3004 et
279 2959 412 3022 quoque
435 2936 525 3020 quod
548 2937 714 3020 potuisset
736 2936 764 3000 si
779 2935 942 3002 voluisset
964 2957 1171 3020 cognoscere
1193 2955 1232 3000 ac
1255 2935 1340 3000 scire

220 3033 298 3112 illa;
321 3032 382 3096 sed
397 3032 484 3096 dixit
500 3031 591 3113 quod
613 3029 679 3096 hoc
694 3029 849 3108 noluerit,
866 3032 943 3114 quia
965 3032 1012 3095 sic
1034 3032 1220 3096 abstineret
1236 3031 1340 3094 etiam

220 3127 264 3192 ab
285 3126 351 3190 illis
372 3125 564 3207 cogitandis
587 3133 623 3190 et
638 3123 803 3202 valendis,
818 3125 909 3208 quod
930 3125 1040 3190 facere
1056 3125 1142 3190 soret
1157 3134 1278 3190 contra
1287 3123 1340 3206 ju·

220 3220 367 3286 cundum
382 3221 473 3283 vitae
489 3218 568 3301 ejus.
613 3217 670 3282 Ex
685 3219 737 3282 his
753 3239 841 3282 nunc
857 3228 965 3301 patet,
982 3219 1072 3302 quod
1088 3227 1251 3301 quantum
1266 3219 1341 3302 quis

221 3335 289 3379 non
311 3314 490 3396 cognoscit
513 3323 548 3378 et
571 3314 635 3378 scit
658 3323 800 3396 peccata
822 3333 988 3396 quaenam
1010 3321 1100 3389 sunt,
1117 3321 1251 3377 tantum
1271 3332 1340 3378 non

220 3408 334 3472 videat
350 3408 449 3472 aliter
463 3427 564 3490 quam
580 3407 670 3492 quod
685 3408 812 3491 absque
827 3408 978 3490 peccatis
993 3408 1046 3472 sit.

220 3601 247 3655 6.
272 3601 346 3660 duod
360 3606 483 3670 quantum
494 3600 552 3670 qui·
564 3601 696 3670 counoecil
712 3605 740 3654 at
754 3600 924 3670 scirporum
935 3585 1062 3670 quamam
1078 3607 1260 3664 sunthorum
1275 3619 1339 3672 ροσ-

319 3677 510 3822 '‘bargain‘'
522 3678 637 3747 apadno,
650 3677 768 3732 molliori
781 3677 826 3732 illa
843 3693 930 3731 comm
942 3679 1053 3740 llomr'no,
1066 3683 1094 3732 rr
1106 3679 1289 3747 poenitentium
1306 3681 1340 3735 nh

284 3879 361 3963 Hoc
374 3883 590 3964 consequitur
601 3903 646 3946 ex
662 3881 727 3946 illis
739 3902 825 3966 quae
837 3902 925 3947 nunc
938 3881 1028 3947 dieta
1040 3893 1128 3948 sunt.
1173 3881 1224 3948 Ut
1235 3884 1339 3949 homo

218 3975 332 4040 videat
348 3995 514 4059 quaenam
530 3987 673 4058 peccata
687 3987 776 4052 sunt,
793 3978 869 4041 ideo
885 3979 1028 4060 primum
1044 3977 1150 4042 Verbi
1165 3977 1225 4042 suit
1248 3977 1338 4042 Dec·

218 4068 350 4151 alogus,
366 4079 402 4134 et
425 4070 502 4134 ideo
517 4091 649 4153 quoque
673 4069 868 4153 Decalogus
890 4082 943 4136 est
965 4071 1166 4154 complexus
1188 4073 1338 4136 omnium

219 4161 334 4238 Verbi,
358 4183 459 4245 quare
482 4175 623 4228 vocatur
645 4165 765 4230 decem
788 4165 913 4240 Verba,
930 4175 966 4229 et
992 4185 1051 4248 per
1080 4166 1200 4230 decem
1223 4163 1339 4228 Verba

219 4255 451 4340 significantur
466 4260 580 4322 omnia
595 4279 675 4324 vera
696 4260 730 4322 in
746 4258 938 4341 complexu,
955 4269 991 4324 et
1014 4260 1090 4324 ideo
1106 4257 1226 4322 similia
1241 4279 1337 4340 prae·

218 4360 320 4432 cepta
334 4361 413 4415 sunt
436 4351 525 4434 apud
547 4373 666 4417 omnes
689 4363 812 4435 gentes
834 4355 867 4417 in
891 4353 1046 4418 universo
1068 4354 1157 4436 apud
1179 4373 1262 4436 quas
1284 4363 1338 4418 est

219 4444 356 4527 religio;
379 4455 415 4509 et
431 4445 534 4510 homo
557 4447 611 4529 qui
634 4448 699 4512 scit
721 4448 810 4530 quod
826 4449 894 4512 sint
917 4447 1011 4530 leges
1034 4447 1186 4522 Divinae,
1203 4457 1238 4510 et
1261 4446 1338 4512 ideo

220 4537 340 4622 [quod]
357 4541 413 4622 qui
437 4539 516 4604 iacit
531 4551 651 4604 contra
666 4539 724 4605 illa
746 4541 846 4606 saciat
862 4551 982 4606 contra
1005 4541 1115 4605 Deum
1130 4562 1190 4604 seu
1205 4551 1337 4624 peccet,

218 4643 333 4714 potest
345 4635 492 4715 recipere
505 4633 666 4698 influxum
683 4635 852 4713 Divinum,
865 4645 900 4700 et
916 4645 996 4700 tunc
1009 4635 1112 4701 etiam
1124 4633 1337 4700 voluntatem
