3288 5294
628 671 683 750 'DE
706 669 938 723 CHARITATE.
1320 673 1341 746 7

223 837 389 930 diabolica
405 847 440 904 et
455 837 639 916 infernalia,
655 848 691 903 et
707 838 754 903 sic
770 837 951 915 mortifera,
968 837 1108 924 proinde
1121 839 1212 924 quod
1227 840 1262 908 in
1276 839 1341 906 illis

222 932 266 998 sit
286 933 461 998 damnatio
481 941 639 1010 aeterna;
663 932 690 996 si
708 932 811 996 homo
832 933 880 996 ita
899 929 1032 1016 spectat
1055 931 1122 1009 illa,
1136 943 1217 998 ωηο
1234 935 1341 998 credit

222 1025 294 1092 dari
309 1027 473 1092 infernum
486 1035 521 1091 et
537 1025 608 1090 dari
624 1024 767 1100 coelum,
779 1035 816 1090 et
832 1047 964 1110 quoque
977 1027 1066 1110 quod
1083 1025 1249 1092 Dominus
1261 1049 1340 1112 pos-

221 1121 265 1186 sit
282 1139 455 1186 removere
471 1119 539 1196 illa,
556 1120 582 1183 si
604 1119 826 1210 homoetiam
849 1121 935 1185 sicut
957 1141 1002 1184 ex
1024 1141 1099 1186 sese
1121 1119 1178 1186 illa
1200 1131 1342 1208 conatur

223 1233 408 1278 removere.
454 1211 521 1278 Sed
537 1213 716 1278 videantur
728 1234 813 1295 quae
829 1213 863 1276 in
877 1213 1042 1278 Dodirina
1059 1213 1155 1278 Vitae
1163 1224 1229 1297 pro
1243 1215 1342 1280 Nova

219 1306 454 1390 Hierosolyma
465 1305 512 1389 (n.
530 1305 751 1389 108-113),de
767 1307 831 1372 hac
847 1328 882 1372 re
898 1307 1134 1372 demonstrata
1145 1318 1245 1388 sunt;
1268 1311 1340 1392 qui-,

221 1397 290 1465 bus
312 1401 397 1466 haec
427 1401 575 1466 addam:
614 1399 737 1466 Omnia
767 1400 856 1466 mala
882 1411 1066 1466 nascuntur
1083 1402 1241 1484 jucunda,
1265 1405 1342 1486 quia
1367 1459 1376 1482 ,

221 1493 326 1559 homo
342 1495 491 1560 nascitur
505 1496 541 1559 in
557 1514 707 1559 amorem
723 1495 782 1570 sui,
799 1504 835 1560 et
858 1515 953 1560 amor
967 1494 1023 1560 ille
1042 1494 1206 1578 jucundat
1228 1498 1342 1560 omnia

221 1580 309 1672 quae
330 1589 454 1671 proprii
476 1587 546 1672 ejus
569 1598 658 1664 sunt,
682 1589 730 1652 ita
753 1609 837 1672 quae
861 1587 933 1654 vult
957 1599 992 1654 et
1015 1610 1100 1674 quae
1123 1591 1274 1672 cogitat3
1305 1600 1340 1655 et

223 1683 447 1764 unusquisque
466 1683 501 1746 in
518 1681 672 1764 jucundis
695 1681 760 1746 illis
780 1703 800 1748 a
820 1683 1000 1748 nativitate
1020 1683 1205 1748 irradicatis
1226 1695 1341 1753 manet

221 1775 265 1840 ad
277 1785 434 1852 mortem,
448 1777 510 1840 nisi
526 1777 725 1856 domentur;
747 1785 782 1840 et
798 1796 866 1840 non
879 1776 1060 1842 domantur
1069 1778 1131 1842 nisi
1146 1775 1342 1860 spectentur

219 1869 308 1934 sicut
324 1889 457 1936 venena
479 1869 589 1934 dulcia
606 1890 692 1952 quae
709 1880 843 1946 necant,
860 1879 918 1934 aut
941 1871 1028 1936 sicut
1050 1869 1149 1936 flores
1171 1872 1214 1936 ad
1237 1892 1341 1956 appa-

220 1963 366 2028 rentiam
382 1961 511 2046 pulchri
527 1963 673 2028 ferentes
689 1965 722 2028 in
738 1984 774 2028 se
787 1964 951 2040 toxicum,
968 1965 1016 2028 ita
1031 1965 1093 2028 nisi
1107 1962 1254 2046 jucunda
1270 1986 1341 2031 ma-

221 2055 330 2123 lorum
350 2053 547 2140 spectentur
569 2067 605 2120 ut
628 2055 793 2133 lethifera,
808 2066 844 2122 et
866 2057 932 2121 hoc
955 2078 1059 2142 usque
1081 2057 1162 2122 dum
1184 2057 1268 2124 fiunt
1291 2061 1342 2124 in·

218 2149 375 2232 jucunda.

220 2291 248 2383 Ξ.
274 2330 347 2388 uuor
361 2335 483 2399 quantum
500 2331 558 2400 quis
575 2346 625 2384 non
642 2331 776 2400 cognoscit
790 2335 819 2386 et
833 2332 887 2386 seit
898 2337 1007 2400 peccatu
1023 2348 1150 2401 eumaem
1166 2323 1343 2394 nuntiantem

321 2422 370 2460 non
390 2407 476 2460 rideat
490 2407 567 2460 alitor
583 2423 659 2476 quam
676 2409 746 2476 quod
760 2409 858 2478 aimus
872 2409 989 2476 maeatis
1005 2409 1049 2463 eit.
1147 2481 1149 2484 Ι

279 2531 380 2616 Quod
393 2534 477 2598 sciat
490 2533 580 2616 quod
592 2544 753 2616 peccator
764 2535 820 2611 sit,
833 2535 866 2598 in
879 2534 975 2598 malis
990 2555 1011 2600 a
1022 2535 1134 2618 capite
1146 2533 1189 2600 ad
1202 2533 1342 2612 calcem,

222 2625 260 2692 fit
275 2649 320 2691 ex
337 2625 473 2706 Verbo;
496 2637 532 2692 at
549 2648 616 2692 non
632 2648 736 2712 usque
749 2629 824 2704 scit,
837 2629 914 2711 quia
929 2649 997 2693 non
1010 2628 1103 2694 videt
1115 2628 1250 2712 aliquod
1266 2649 1343 2712 pec-

223 2731 336 2786 catum
352 2723 385 2786 in
401 2742 457 2800 se;
481 2741 583 2804 quare
599 2731 674 2786 orat
689 2723 776 2787 sicut
792 2743 862 2786 vox
878 2723 1036 2800 tinniens,
1052 2721 1234 2788 confitetur
1256 2724 1342 2790 sicut

221 2835 292 2879 vox
309 2815 467 2891 tinniens,
483 2825 519 2880 et
541 2825 658 2880 tamen
673 2816 790 2880 intime
806 2817 839 2880 in
856 2837 892 2880 se
909 2817 1015 2882 credit
1031 2817 1121 2900 quod
1137 2835 1205 2882 non
1221 2837 1342 2900 pecca·

223 2918 277 2974 tor
303 2911 357 2984 sit,
374 2930 460 2992 quae
486 2908 568 2974 fides
595 2909 828 2976 manifestatur
848 2911 882 2974 in
898 2910 1006 2974 altera
1032 2911 1121 2988 vita;
1145 2910 1226 2975 dicit
1253 2912 1343 2976 enim

224 3011 315 3078 tunc,
339 3023 439 3086 purus
462 3023 546 3078 sum,
563 3004 706 3068 mundus
729 3023 814 3078 sum,
837 3004 953 3068 insons
968 3023 1052 3078 sum,
1076 3014 1112 3068 et
1128 3013 1243 3070 tamen
1257 3024 1342 3071 ¹cum

222 3096 421 3178 exploratur
442 3107 495 3162 est
518 3099 675 3181 impurus,
692 3098 893 3172 immundus,
910 3099 978 3162 imo
1000 3099 1103 3162 etiam
1126 3099 1342 3178 morticinus;

222 3199 275 3254 est
292 3191 378 3256 sicut
394 3192 480 3256 cutis
503 3193 547 3256 sit
571 3191 678 3256 nitida
699 3192 732 3255 in
755 3193 907 3256 externis
930 3201 966 3256 et
989 3189 1111 3267 mollis,
1127 3193 1286 3258 interiora
1300 3194 1343 3258 ab

223 3285 296 3366 ipso
312 3285 413 3349 corde
430 3285 607 3364 morbosa;
630 3294 666 3349 et
681 3295 735 3350 est
750 3285 837 3349 sicut
850 3285 957 3368 liquor
972 3285 1006 3350 in
1021 3283 1194 3368 superficie
1206 3306 1342 3370 aqueus,

223 3380 285 3444 sed
299 3380 389 3443 intus
404 3400 450 3443 ex
465 3380 683 3462 stagnatione
699 3379 844 3461 putidus.

221 3569 250 3626 3.
276 3569 349 3628 auor
362 3574 485 3638 quantum
502 3569 560 3639 ouis
571 3569 704 3638 eopnoseit
719 3573 747 3622 et
762 3569 814 3623 ecit
827 3573 936 3638 peccatu
951 3585 1077 3639 quaenam
1088 3574 1157 3631 eunt,
1172 3574 1271 3624 matum
1280 3585 1343 3638 pos-

324 3645 521 3790 'elz'vrzaoaillu
536 3645 608 3714 opud
622 3661 660 3704 u.
673 3645 790 3700 monteri
803 3645 946 3722 maltorum
959 3645 1070 3706 domino,
1083 3645 1301 3714 apenninarum
1312 3646 1345 3698 ai

287 3849 417 3914 Dicitur
431 3847 522 3932 quod
537 3847 644 3930 possit
667 3848 694 3911 si
709 3847 803 3922 velit,
819 3857 854 3912 et
876 3847 949 3912 vult
972 3847 1027 3932 qui
1042 3847 1148 3912 credit
1165 3849 1270 3913 vitam
1286 3869 1343 3914 ae·

224 3953 365 4008 ternam.
410 3940 478 4006 Sed
494 3961 597 4024 usque
613 3961 681 4004 non
697 3941 862 4024 cogitabit
879 3943 921 4006 de
937 3941 1002 4006 illis
1017 3963 1102 4026 quae
1118 3941 1207 4018 iacit,
1224 3943 1284 4006 sed
1300 3941 1342 4006 de

222 4036 288 4102 illis
303 4057 388 4120 quae
403 4035 476 4100 vult
491 4035 611 4110 iacere,
628 4055 712 4118 quae
735 4037 763 4098 si
786 4035 878 4099 licita
899 4036 1017 4112 credit,
1034 4045 1114 4099 tunc
1138 4037 1241 4100 etiam
1263 4035 1342 4100 iacit

224 4129 292 4205 illa,
308 4149 348 4194 ac
366 4129 457 4213 quod
473 4149 541 4193 ηοη
556 4128 656 4194 iaciat
672 4139 725 4193 est
748 4141 887 4211 propter
902 4130 1073 4194 mundum.
1118 4129 1183 4194 Est
1205 4127 1343 4194 effeetus

225 4224 376 4288 internus
392 4232 427 4287 et
443 4231 616 4298 externus,
634 4243 692 4286 seu
708 4243 792 4305 opus
815 4225 984 4287 internum
1007 4233 1043 4288 et
1066 4233 1267 4300 externum;
1294 4223 1341 4286 ei-

222 4314 330 4382 setius
345 4337 404 4382 seu
422 4335 506 4399 opus
521 4327 702 4382 externum
719 4318 874 4398 procedit
893 4327 929 4382 et
952 4317 1071 4382 existit
1087 4337 1131 4381 ex
1148 4313 1268 4382 effediu
1284 4337 1342 4380 seu

223 4431 325 4494 opere
341 4411 476 4475 interno
491 4411 577 4476 sicut
593 4407 688 4475 adius
703 4433 748 4474 ex
765 4420 911 4490 conatu;
934 4421 1077 4475 conatus
1092 4412 1125 4474 in
1141 4410 1276 4474 homine
1288 4421 1342 4474 est

165 4551 170 4560 .
221 4503 402 4583 ‘voluntas;
426 4525 527 4588 quare
543 4505 570 4568 si
587 4523 654 4568 non
667 4504 745 4569 facit
759 4523 910 4586 corpore,
924 4505 951 4569 si
967 4503 1095 4568 licitum
1108 4503 1187 4569 facit
1202 4503 1246 4578 id,
1260 4511 1341 4568 tunc

222 4607 367 4664 conatus
384 4619 444 4664 seu
462 4597 621 4664 voluntas
641 4609 805 4676 remanet,
818 4608 854 4664 et
872 4597 937 4664 hoc
956 4609 1010 4664 est
1032 4599 1102 4680 ipse
1115 4595 1210 4662 aetus
1224 4597 1258 4660 in
1274 4597 1341 4679 spi·
