3288 5294
288 671 347 737 166
514 679 517 688 ¹
603 686 654 738 on
676 685 781 739 uovn
804 685 1078 738 uranosocvnrn

283 863 374 930 sunt,
398 875 466 919 non
490 855 607 920 vident
631 857 694 920 nisi
716 876 817 939 quam
842 857 1037 920 Humanum
1064 857 1098 920 in
1122 855 1290 934 Domino;
1321 873 1396 924 cum
1470 933 1474 942 ¹

283 956 400 1011 tamen
418 947 577 1012 Divinum
593 960 628 1013 et
647 950 842 1014 Humanum
859 953 892 1014 in
910 951 990 1033 Ipso
1005 953 1054 1014 ita
1069 951 1164 1014 unita
1179 959 1258 1014 sunt
1274 959 1311 1012 ut
1330 951 1398 1012 sint

283 1061 406 1121 unum;
430 1044 515 1106 sicut
534 1045 650 1108 docuit
670 1043 835 1108 Dominus
854 1047 959 1110 etiam
977 1045 1056 1108 aiibi
1075 1046 1164 1127 apud
1183 1043 1383 1118 Johannm,

412 1176 499 1234 Pater.
512 1179 625 1227 “omnia
636 1193 698 1228 mea
709 1189 755 1229 tua
766 1189 836 1238 sunt,
848 1187 876 1229 et
885 1179 978 1229 omnia
989 1188 1035 1228 tun
1044 1177 1128 1228 mea”
1139 1178 1212 1241 (xvii.
1227 1177 1274 1240 ιο).

342 1305 443 1372 186.
472 1306 573 1388 Quod
595 1307 763 1371 Dominus
780 1318 968 1390 conceptus
993 1309 1038 1372 sit
1066 1328 1087 1371 a
1109 1307 1266 1389 Jehovah
1285 1307 1398 1384 Patre,

284 1400 385 1464 etsie
405 1419 425 1464 a
443 1401 669 1481 conceptione
686 1401 789 1476 Deus,
810 1411 930 1464 notum
949 1410 1003 1465 est
1021 1403 1055 1464 in
1073 1401 1239 1475 ecclesia;
1258 1407 1295 1463 et
1313 1418 1397 1481 quo-

284 1512 349 1575 que
365 1493 454 1576 quod
473 1495 693 1558 resurrexerit
710 1513 786 1557 cum
806 1505 884 1558 toto
899 1514 1051 1577 corpore,
1069 1514 1148 1557 nam
1164 1492 1246 1556 nihil
1263 1491 1398 1575 reliquit

284 1587 318 1649 in
339 1585 514 1669 sepulcro;
541 1588 584 1650 de
607 1609 674 1670 quo
696 1590 800 1652 etiam
823 1597 946 1672 postea
968 1586 1179 1652 confirmavit
1203 1585 1396 1668 discipulos,

284 1681 440 1757 dicendo,

334 1811 453 1863 “Videte
466 1828 561 1862 manus
571 1829 646 1864 meas
658 1823 685 1863 et
697 1813 778 1877 pedes
788 1829 871 1873 meos,
881 1814 951 1878 quod
965 1813 1027 1878 Ipse
1041 1813 1099 1877 Ego
1112 1813 1162 1864 sim
1174 1829 1180 1870 ;
1194 1813 1302 1876 palpate
1315 1811 1360 1862 Me
1372 1821 1399 1861 et

416 1879 520 1936 videte;
544 1893 606 1928 nam
625 1880 734 1942 spiritus
748 1894 857 1930 carnem
868 1889 896 1930 et
912 1894 976 1930 ossa
989 1894 1044 1928 non
1059 1881 1147 1938 habet,
1160 1880 1228 1928 sicut
1243 1877 1289 1928 Me
1302 1877 1398 1927 videtis

414 1943 513 1993 habere
521 1943 534 1962 ”
546 1944 619 2006 (Luc.
632 1945 702 1994 xxiv.
715 1946 772 2008 39);

285 2085 321 2140 et
339 2075 478 2140 tametsi
493 2075 554 2138 suit
573 2075 688 2140 Homo
704 2076 815 2158 quoad
832 2095 968 2140 carnem
984 2085 1020 2140 et
1036 2095 1125 2150 ossa,
1139 2095 1243 2158 usque
1259 2073 1397 2137 intravit

287 2189 346 2252 per
364 2168 452 2232 sores
470 2169 614 2242 clausas,
634 2190 673 2234 ac
698 2180 880 2253 postquam
899 2168 943 2234 Se
966 2170 1205 2244 manifestavit,
1226 2166 1399 2231 invisibilis

285 2260 393 2326 sadtus
406 2273 459 2326 est
477 2261 572 2345 (Joh.
586 2285 647 2326 xx.
665 2279 711 2344 19,
727 2263 786 2340 26;
805 2263 883 2326 Luc.
897 2265 992 2326 xxiv.
1006 2261 1100 2345 ¹¹¹31).
1133 2261 1238 2327 Secus
1254 2260 1291 2326 fit
1307 2261 1399 2324 omni

286 2356 426 2432 homini,
446 2355 551 2420 homo
574 2358 663 2420 enim
688 2357 790 2420 modo
813 2357 924 2440 quoad
948 2358 1114 2440 spiritum,
1137 2367 1173 2421 et
1197 2376 1265 2420 non
1287 2355 1399 2438 quoad

285 2469 408 2532 corpus
424 2451 591 2531 resurgit:
614 2471 717 2533 quare
736 2469 813 2513 cum
832 2451 921 2514 dixit
939 2451 1029 2533 quod
1048 2452 1179 2514 nonsit
1198 2451 1285 2513 sicut
1303 2449 1398 2531 spiri·

286 2553 352 2619 tus,
366 2545 455 2607 dixit
476 2544 567 2626 quod
584 2564 652 2607 non
668 2545 712 2608 sit
729 2545 815 2608 sicut
832 2543 916 2608 alius
932 2543 1046 2609 homo.
1091 2543 1176 2610 Inde
1191 2552 1289 2627 patet
1310 2541 1399 2626 quod

286 2639 389 2702 etiam
410 2637 605 2702 Humanum
625 2640 658 2700 in
679 2637 827 2702 Domino
847 2637 1006 2702 Divinum
1026 2639 1080 2702 sit.

345 2734 438 2816 187.
466 2733 588 2796 Omnis
617 2733 723 2798 homo
748 2754 794 2797 ex
820 2743 918 2816 patre
944 2734 1050 2798 habet
1074 2753 1172 2796 suum
1197 2753 1273 2796 esse
1296 2733 1398 2808 vitae.

286 2827 375 2910 quod
405 2837 546 2890 vocatur
573 2827 686 2889 anima
710 2825 801 2907 ejus;
832 2827 982 2890 existere
1008 2827 1099 2890 vitae
1124 2825 1203 2888 inde
1229 2836 1283 2888 est
1310 2825 1399 2908 quod

285 2929 428 2984 vocatur
442 2940 583 3002 corpus;
607 2921 685 2984 inde
702 2940 824 3003 corpus
842 2930 895 2984 est
915 2919 1045 3003 effigies
1061 2941 1141 2984 suae
1160 2921 1304 2995 animae,
1321 2938 1399 2982 nam

285 3015 399 3078 anima
416 3033 475 3096 per
493 3015 576 3077 illud
599 3016 672 3096 agit
691 3015 797 3078 vitam
816 3033 911 3078 suam
931 3035 975 3078 ex
995 3026 1088 3078 nutu.
1134 3015 1218 3077 Inde
1237 3023 1290 3077 est
1310 3014 1399 3096 quod

286 3108 442 3172 homines
460 3119 643 3171 nascantur
666 3111 699 3172 in
723 3108 978 3172 similitudinem
997 3127 1132 3172 suorum
1153 3117 1344 3190 parentum,
1363 3117 1400 3170 et

286 3202 377 3284 quod
395 3202 539 3265 familiae
558 3203 843 3266 internoscantur.
888 3202 1025 3267 Exinde
1042 3213 1139 3285 patet
1155 3201 1254 3285 quale
1270 3200 1400 3284 Corpus

286 3316 346 3359 seu
361 3295 460 3378 quale
478 3296 672 3360 Humanum
690 3297 839 3360 Domino
855 3297 927 3372 suit,
944 3297 1034 3379 quod
1052 3316 1173 3379 nempe
1189 3297 1276 3360 sicut
1292 3297 1400 3378 ipsum

287 3391 447 3454 Divinum
466 3391 556 3473 quod
574 3390 635 3455 suit
654 3390 741 3454 Esse
757 3392 848 3455 vitae
865 3391 973 3474 Ipsius
992 3411 1051 3455 seu
1070 3391 1197 3454 Anima
1215 3411 1260 3454 ex
1279 3389 1379 3455 Patre
1390 3411 1399 3470 ;

286 3503 390 3566 quare
409 3484 506 3558 dixit.

515 3618 589 3682 “Qui
602 3618 676 3668 ridet
689 3617 734 3668 Me
745 3618 819 3668 videt
833 3617 938 3668 Patrem
947 3617 962 3638 ”
973 3617 1048 3684 (Joh.
1060 3618 1113 3668 xiv.
1125 3613 1161 3682 9).
1322 3557 1327 3592 Ι

345 3753 442 3820 188.
470 3751 572 3835 Quod
589 3753 749 3817 Divinum
763 3763 799 3818 et
813 3753 1010 3818 Humanum
1029 3753 1167 3817 Domini
1182 3755 1227 3818 sit
1243 3773 1310 3817 una
1325 3775 1401 3838 per·

287 3865 382 3922 sona,
399 3856 452 3910 est
468 3867 512 3909 ex
529 3845 594 3910 fide
611 3857 749 3930 recepta
764 3847 797 3909 in
816 3857 893 3911 toto
906 3845 1100 3911 Christiano
1115 3846 1207 3923 orbe,
1221 3847 1411 3930 quae.talis

287 3948 340 4004 est
353 3959 406 4002 :—

288 4069 456 4196 “eguamvis
473 4069 609 4128 Christus
624 4081 670 4126 est
688 4069 770 4127 Deus
791 4082 822 4127 et
842 4069 952 4136 Homo,
967 4089 1061 4144 usque
1079 4082 1179 4128 tamen
1195 4089 1255 4129 non
1270 4083 1317 4129 est
1333 4073 1402 4136 duo.

286 4157 301 4196 s
350 4157 427 4196 unus
440 4141 591 4204 christus;
616 4141 709 4196 immo
721 4153 767 4197 est
779 4158 899 4213 prorsus
915 4159 991 4198 unus
1006 4154 1036 4198 et
1055 4143 1144 4198 unica
1162 4143 1309 4205 Persona;
1333 4145 1404 4214 quia

287 4211 364 4266 sicut
379 4227 487 4282 corpus
503 4222 534 4266 et
552 4212 651 4266 anima
663 4222 734 4267 sunt
751 4228 828 4267 unus
850 4213 950 4276 homo.
964 4213 1006 4268 ita
1024 4229 1144 4286 quoque
1162 4212 1243 4270 Deus
1256 4225 1288 4270 et
1301 4213 1403 4270 Homo

286 4293 333 4336 est
345 4297 422 4336 unus
433 4279 595 4337 Christus.”

289 4416 385 4480 Haec
405 4438 423 4482 e
443 4415 607 4498 Symbolo
626 4417 819 4482 Athanasii.

347 4511 445 4594 189.
471 4511 537 4594 Qui
559 4513 602 4577 de
625 4513 817 4578 Divinitate
838 4515 952 4578 ideam
973 4515 1075 4579 trium
1097 4534 1318 4598 personarum
1340 4515 1403 4578 ha·

288 4607 382 4686 bent,
402 4629 471 4674 non
490 4620 633 4693 possunt
651 4611 762 4676 ideam
780 4612 877 4676 unius
896 4611 962 4676 Dei
979 4611 1106 4678 habere
1117 4634 1126 4692 ς
1152 4613 1181 4677 si
1202 4632 1261 4676 ore
1284 4613 1402 4677 dicunt
