3322 5298
313 642 352 692 10
583 638 758 691 CANONES
780 638 910 690 NOVAE
933 637 1148 690 ECCLESIAE.

674 951 834 1018 CAPUT
863 950 1064 1018 PRIMUM.

308 1181 366 1248 DE
388 1181 569 1248 Urrrrarrs
592 1181 685 1262 Dr213
715 1195 784 1248 sau
810 1195 915 1260 Quor)
938 1195 1036 1248 UNUS
1059 1181 1163 1248 Dans
1184 1195 1253 1248 εῖτ.

374 1381 400 1430 1.
432 1363 533 1448 Quod
556 1384 750 1448 supremum
773 1375 809 1429 et
832 1365 989 1430 intimum
1013 1363 1163 1428 omnium
1186 1362 1420 1430 doetrinaiium

517 1459 693 1535 ecclesiae,
711 1469 747 1523 et
769 1459 848 1523 inde
867 1458 1057 1523 universale
1074 1459 1220 1534 illorum,
1239 1459 1285 1523 sit
1303 1460 1420 1542 cogni·

517 1553 567 1616 tio
587 1563 622 1617 et
641 1554 773 1635 agnitio
790 1554 882 1636 quod
902 1553 995 1616 Deus
1014 1572 1098 1616 unus
1117 1553 1171 1618 sit.

370 1663 399 1712 2.
432 1646 533 1730 Quod
552 1649 614 1712 nisi
633 1667 718 1711 unus
735 1647 828 1712 Deus
844 1647 942 1724 soret,
960 1667 1028 1711 non
1045 1647 1214 1730 potuisset
1231 1647 1420 1711 universum

517 1743 624 1807 creari
642 1753 678 1807 et
697 1742 901 1806 conservari.

372 1853 399 1918 3.
431 1835 533 1918 Quod
559 1839 593 1901 in
620 1837 759 1902 homine
781 1839 838 1920 qui
865 1857 934 1900 non
956 1836 1116 1919 agnoscit
1140 1835 1262 1912 Deum,
1286 1837 1421 1900 nonsit

516 1932 672 2008 ecclesia,
692 1933 742 1995 ita
760 1951 829 1994 non
847 1929 991 1995 caelum.

368 2043 399 2104 4.
430 2024 532 2108 Quod
555 2027 589 2088 in
608 2025 746 2090 homine
762 2025 817 2109 qui
836 2045 905 2088 non
924 2025 1083 2108 agnoscit
1102 2043 1204 2088 unum
1223 2023 1346 2102 Deum,
1363 2024 1421 2089 sed

517 2119 642 2202 plures,
664 2119 747 2183 nihil
767 2119 932 2183 ecclesiae
951 2119 1146 2183 cohaereat.

372 2229 399 2296 5.
431 2213 533 2296 Quod
551 2213 750 2278 universalis
766 2213 911 2276 influxus
929 2234 949 2277 a
969 2213 1045 2277 Deo
1062 2223 1098 2277 et
1117 2234 1136 2276 e
1155 2211 1252 2277 caelo
1268 2211 1422 2296 angelico

437 2351 439 2355 ,
517 2309 551 2371 in
574 2309 723 2371 animam
741 2307 888 2372 hominis
905 2308 960 2384 sit,
980 2307 1071 2391 quod
1092 2305 1185 2371 Deus
1203 2307 1259 2383 sit,
1279 2316 1316 2371 et
1333 2307 1421 2390 quod

518 2421 604 2465 unus
622 2403 676 2466 sit.

369 2495 400 2560 6.
432 2493 534 2578 Quod
557 2496 645 2560 ratio
666 2495 816 2559 humana
838 2516 884 2560 ex
908 2494 1024 2559 multis
1046 2496 1080 2559 in
1103 2493 1231 2558 mundo
1251 2495 1421 2579 percipere

517 2590 637 2672 possit,
657 2591 685 2652 si
707 2588 793 2665 vult,
813 2590 904 2672 quod
928 2589 1021 2653 Deus
1043 2591 1099 2666 sit,
1119 2597 1155 2652 et
1177 2609 1311 2672 quoque
1333 2587 1421 2672 quod

518 2707 614 2750 unus.

369 2801 400 2868 7.
430 2785 515 2850 Inde
531 2795 584 2850 est
600 2785 691 2869 quod
707 2787 741 2850 in
757 2787 914 2850 universo
927 2785 1053 2850 mundo
1066 2804 1135 2849 non
1147 2785 1247 2850 detur
1259 2804 1357 2868 gens,
1371 2786 1421 2851 cui

517 2889 571 2944 est
590 2881 710 2962 religio
733 2891 769 2944 et
792 2899 875 2943 sana
897 2881 998 2956 ratio,
1015 2899 1102 2963 quae
1118 2899 1187 2944 non
1206 2881 1366 2962 agnoscit
1387 2887 1421 2944 et

517 2975 644 3038 fatetur
662 2994 764 3038 unum
784 2974 905 3038 Deum.

371 3069 400 3134 8.
431 3066 533 3150 Quod
560 3069 744 3152 Scriptura,
772 3079 808 3133 et
837 3069 915 3133 inde
942 3066 1117 3134 doetrinae
1143 3067 1363 3136 ecclesiarum
1389 3069 1421 3134 in

518 3160 713 3227 Christiano
731 3164 824 3240 orbe,
845 3163 995 3227 doceant
1014 3164 1105 3247 quod
1124 3183 1209 3227 unus
1228 3163 1322 3228 Deus
1340 3165 1394 3229 sit.

369 3273 399 3339 9.
431 3255 499 3320 Sed
515 3257 606 3340 quod
622 3257 731 3340 qualis
747 3277 832 3321 unus
848 3256 906 3321 ille
925 3257 1019 3321 Deus
1035 3267 1099 3334 est,
1117 3257 1233 3342 populi
1248 3267 1284 3324 et
1299 3267 1421 3341 gentes

518 3351 685 3416 abiverint
704 3361 740 3416 et
755 3347 909 3417 ¹¹¹abeant
927 3353 961 3415 in
979 3353 1158 3416 diversum.

353 3460 400 3509 ιο.
432 3442 534 3528 Quod
556 3443 723 3510 abiverint
746 3455 782 3510 et
809 3447 935 3510 abeant
957 3446 991 3510 in
1014 3445 1184 3510 diversum
1207 3445 1250 3511 de
1273 3445 1362 3526 Deo,
1386 3456 1421 3513 et

517 3538 560 3605 de
578 3539 711 3604 unitate
730 3539 822 3622 Ejus,
843 3541 912 3606 sint
930 3539 1044 3624 plures
1063 3559 1196 3606 causae.
