3322 5298
275 681 316 762 36
549 693 725 746 cnuouas
748 693 878 746 novun
901 693 1117 746 nccnasmn.

338 878 366 942 3.
399 859 499 942 Quod
516 863 587 944 ipse
604 860 678 925 finis
698 861 863 926 ecclesiae
882 863 926 925 sit
944 860 1150 944 “plenitudo
1167 859 1393 944 [temporis].”

335 973 366 1035 4.
399 953 499 1036 Quod
515 956 619 1018 etiam
638 955 758 1018 similia
776 955 810 1018 in
827 955 943 1018 Verbo
961 955 1198 1038 intelligantur
1213 975 1273 1038 per
1286 961 1391 1020 “ves-

368 1113 370 1117 ,
486 1047 625 1132 peram''
641 1058 676 1112 et
698 1046 893 1112 “noiteml’

339 1157 367 1226 5.
399 1142 447 1208 Et
470 1164 603 1227 quoque
627 1163 686 1225 per
704 1143 789 1207 haec
812 1143 901 1226 apud
923 1141 1114 1224 Prophetas
1129 1151 1165 1207 et
1188 1141 1392 1230 Evangelis-

485 1247 564 1302 tas:

537 1387 552 1411 ‘⁸
560 1386 636 1436 Tunc
648 1386 688 1436 sol
701 1388 893 1446 obscurabitur,
905 1387 971 1438 luna
982 1402 1037 1436 non
1049 1387 1123 1438 dabit
1134 1387 1220 1437 lucem
1234 1402 1318 1447 suam,
1330 1387 1395 1438 stel-

601 1452 643 1502 lae
660 1452 757 1538 cadpnt
773 1453 807 1502 de
824 1453 908 1531 caelo3
922 1462 948 1503 et
965 1454 1078 1528 virtutes
1090 1453 1224 1532 caelorum
1242 1465 1395 1530 commovq-

602 1663 628 1699 ν.
640 1660 688 1708 2ος
707 1649 759 1698 viii.
771 1663 801 1712 9:
820 1649 903 1698 Marc.
915 1649 968 1698 xiii.
981 1661 1028 1710 24:
1047 1647 1110 1698 Luc.
1122 1649 1174 1698 xxi.
1188 1648 1230 1710 25)
1244 1684 1251 1698 .

338 1804 369 1870 6.
403 1803 504 1888 Quod
533 1813 615 1869 tunc
638 1825 706 1868 non
732 1803 875 1888 amplius
902 1805 946 1868 sit
975 1803 1131 1880 ecclesia,
1155 1803 1259 1868 modo
1281 1805 1393 1888 quoad

488 1919 634 1978 nomen;
663 1899 722 1962 sed
746 1899 836 1982 quod
860 1919 964 1982 usque
987 1898 1052 1963 hoc
1076 1898 1245 1962 residuum
1269 1899 1313 1963 sit
1336 1899 1393 1974 ibi,

487 1993 576 2078 quod
601 1993 706 2057 homo
729 1995 836 2076 possit
863 1993 948 2058 seire
974 2002 1010 2058 et
1036 1992 1229 2076 intelligere
1251 2013 1332 2058 vera
1353 2013 1394 2058 ac

465 2101 468 2108 ’
487 2087 597 2152 iacere
616 2087 707 2152 bona
725 2087 752 2150 si
771 2086 865 2152 velit.

624 2611 783 2679 CAPUT
814 2610 1054 2694 Qumruu.

280 2845 393 2930 Quor>
413 2861 454 2911 ΙΝ
474 2845 570 2912 Fma
588 2845 801 2912 Eccnnsmn
819 2861 981 2912 rornms
1001 2847 1214 2913 Dnuunmo
1233 2863 1395 2914 nouum-

406 2955 473 3006 aus
496 2955 538 3006 1u
553 2955 689 3006 TERRIS
712 2955 760 3005 nr
783 2955 947 3008 Auoums
970 2955 1011 3006 m
1033 2956 1167 3008 cauus
1189 2957 1396 3008 mumma.

347 3140 372 3188 1.
408 3123 509 3204 Quod
528 3125 638 3188 omnis
660 3123 765 3188 homo
788 3125 831 3188 sit
854 3125 888 3188 in
907 3124 1103 3208 aequilibrio
1121 3126 1211 3208 quod
1230 3135 1285 3190 est
1307 3126 1399 3190 inter

492 3219 624 3282 caelum
642 3228 678 3282 et
698 3219 873 3295 infernum,
893 3228 928 3284 et
947 3219 1026 3283 inde
1044 3221 1077 3283 in
1097 3219 1203 3284 libero
1221 3217 1398 3303 spetiandi

492 3321 528 3376 et
547 3333 583 3376 se
601 3313 757 3376 vertendi
775 3313 830 3376 vel
848 3313 891 3376 ad
911 3311 1042 3377 caelum
1061 3313 1116 3377 vel
1134 3314 1179 3377 ad
1198 3313 1371 3378 infernum.

345 3423 374 3472 2.
408 3407 509 3487 Quod
526 3408 635 3470 omnis
654 3407 759 3470 homo
775 3417 853 3490 post
873 3417 1018 3471 mortem
1034 3408 1068 3471 in
1084 3409 1149 3472 hoc
1165 3408 1397 3492 aequilibrium

493 3502 636 3584 primum
655 3498 808 3578 ¹¹¹veniat‚
825 3511 860 3566 et
880 3503 927 3566 sic
947 3502 980 3565 in
999 3501 1143 3565 similem
1160 3511 1288 3566 statum
1304 3503 1397 3566 vitae

493 3597 526 3658 in
545 3617 612 3678 quo
627 3595 688 3660 suit
708 3597 740 3659 in
759 3597 896 3660 mundo.

347 3708 374 3774 3.
406 3691 508 3774 Quod
526 3691 574 3754 illi
593 3691 648 3774 qui
666 3692 699 3754 in
719 3691 845 3754 mundo
861 3687 1100 3774 speetaverunt
1118 3699 1154 3755 et
1170 3711 1207 3755 se
1221 3701 1399 3756 verterunt

492 3785 537 3848 ad
563 3784 695 3848 caelum
721 3785 775 3848 vel
802 3784 845 3848 ad
876 3784 1051 3860 infernum,
1072 3783 1293 3849 consimiliter
1318 3795 1399 3868 post

493 3889 640 3942 mortem
659 3875 815 3960 speftent
834 3889 869 3942 et
889 3898 925 3942 se
944 3888 1092 3942 vertant.

344 3990 377 4054 4.
408 3972 510 4055 Quod
539 3973 572 4036 in
599 3971 665 4036 fine
694 3971 869 4048 ecclesiae,
901 3973 982 4036 dum
1012 3974 1169 4056 potentia
1195 3971 1275 4037 mali
1305 3971 1400 4037 valet

494 4086 594 4149 super
612 4069 804 4150 potentiam
822 4066 913 4142 boni,
933 4065 998 4130 hoc
1017 4066 1249 4149 aequilibrium
1267 4067 1401 4130 disten·

494 4161 595 4224 datur
610 4169 645 4224 et
662 4161 842 4244 impleatur
856 4181 877 4224 a
892 4161 989 4224 malis
1005 4161 1060 4244 qui
1076 4159 1207 4225 alluunt
1224 4181 1243 4224 e
1261 4161 1400 4226 mundo.

350 4269 377 4338 5.
411 4251 514 4335 Quod
537 4255 615 4319 inde
638 4254 720 4318 illud
744 4255 975 4338 aequilibrium
998 4255 1073 4338 plus
1095 4265 1131 4320 et
1154 4254 1231 4338 plus
1248 4254 1404 4320 elevetur

495 4369 612 4414 versus
634 4349 777 4426 caelum,
801 4358 837 4414 et
860 4350 1045 4414 secundum
1068 4349 1400 4433 approximationem

496 4441 661 4508 1¹¹insestet
680 4442 822 4526 angelos
842 4443 897 4507 ibi.

348 4537 378 4603 6.
414 4536 515 4620 Quod
531 4557 650 4602 omnes
668 4537 717 4602 illi
735 4539 790 4622 qui
809 4535 842 4602 in
861 4537 999 4602 elevato
1017 4537 1077 4602 illo
1094 4537 1292 4622 aequilibrio
1307 4547 1401 4614 sunt,

497 4633 637 4697 interius
653 4633 721 4696 sint
737 4631 917 4696 infernales
933 4641 968 4697 et
984 4632 1135 4697 exterius
1154 4630 1310 4697 morales.
