3282 5294
642 706 693 758 ns
714 707 946 763 ennarrans.
1310 719 1353 787 43

229 891 340 950 onem,
356 871 438 938 talia
453 884 532 939 sunt
548 876 662 940 omnia
675 897 760 960 quae
776 880 964 961 procedunt
980 881 1106 948 abillo.
1145 881 1199 949 Sic
1215 884 1354 950 deduci·

228 975 283 1029 tur
298 967 341 1030 ad
356 969 557 1032 societatem
579 971 635 1034 ubi
648 970 719 1053 ejus
734 971 867 1038 aflettio
882 968 945 1039 e'st.
1016 1023 1022 1028 -

292 1064 344 1128 Illi
360 1067 462 1149 quiin
479 1065 651 1132 beneat'tis
666 1090 725 1133 seu
736 1070 906 1136 beneficiis
922 1073 987 1137 illis
1001 1086 1131 1156 ponunt
1144 1076 1254 1140 solum
1269 1076 1351 1143 cha-

227 1159 374 1235 ritatem,
391 1161 419 1223 si
434 1179 502 1225 non
517 1161 550 1224 in
571 1182 607 1226 se
623 1163 824 1229 charitatem
846 1166 987 1243 habent,
1004 1169 1145 1233 interius
1160 1190 1236 1234 cum
1252 1171 1352 1236 inler-

227 1252 358 1316 nalibus
379 1273 417 1318 se
445 1253 665 1338 conjungunt,
688 1267 724 1322 et
753 1261 905 1323 exterius
934 1280 1011 1325 cum
1041 1263 1267 1346 coelestibus;
1290 1265 1352 1332 sed

228 1347 389 1411 unicuivis
403 1347 550 1414 aufertur
564 1351 724 1428 exterius,
741 1361 777 1417 et
792 1353 991 1437 relinquitur
1006 1356 1155 1421 interiori
1170 1377 1241 1422 suo.

770 1770 814 1836 X.

228 1988 342 2074 QUOD
364 2005 506 2056 DEBITA
525 2004 754 2057 CHARITATIS
776 2004 863 2057 SINT
883 2005 1018 2068 OMNIA,
1035 2006 1209 2058 PRAETER
1231 2005 1349 2060 SUPRA

353 2102 579 2167 MEMORATA‚
596 2103 697 2169 QUAE
720 2103 904 2154 HOMINEM
927 2103 1100 2156 OPORTET
1124 2105 1281 2156 FACERE.

291 2299 416 2366 Debita
439 2301 613 2365 charitatis
636 2309 715 2364 sunt
738 2301 865 2366 tributa
887 2321 948 2384 pro
970 2303 1069 2366 variis
1090 2303 1349 2367 necessitatibus

225 2405 261 2458 et
285 2414 346 2476 pro
365 2395 464 2459 variis
487 2395 599 2458 usibus
621 2395 655 2458 in
679 2394 876 2477 Republica,
894 2416 979 2479 quae
1001 2396 1143 2460 subditis
1165 2407 1200 2460 et
1223 2397 1349 2461 civibus

226 2489 384 2570 imposita
404 2498 503 2566 sunt;
526 2497 604 2552 sunt
619 2485 801 2570 vedtigalia
822 2489 1037 2565 teloniorum,
1052 2499 1206 2572 sumptus
1228 2499 1263 2554 et
1286 2491 1348 2554 im·

226 2602 350 2664 pensae
367 2601 427 2664 pro
439 2581 537 2645 variis
549 2582 807 2646 necessitatibus
822 2592 858 2646 et
874 2583 985 2646 usibus
998 2584 1099 2659 domi,
1110 2604 1195 2666 quae
1208 2603 1347 2648 concer-

226 2685 311 2740 nunt
328 2687 437 2741 semet
455 2677 556 2758 ipsos
572 2694 725 2754 uxorem,
741 2675 874 2752 liberos
890 2676 1043 2753 famulos,
1060 2677 1210 2752 ancillas,
1227 2697 1348 2759 opera·

226 2772 302 2845 rios,
316 2770 481 2834 ethorum
494 2770 639 2833 vicissim
652 2791 660 2848 ;
676 2779 749 2834 tum
762 2769 873 2853 aliqua
884 2791 970 2853 quae
982 2790 1041 2853 per
1053 2771 1251 2852 sponsiones
1263 2771 1347 2836 fiunt

225 2864 349 2928 debita.
390 2864 527 2928 Praeter
538 2863 621 2927 haec
635 2864 737 2928 etiam
750 2874 828 2928 sunt
840 2864 949 2928 civilia
960 2885 1045 2946 quae
1058 2875 1136 2928 sunt
1149 2865 1346 2928 subordina-

225 2959 337 3033 tionis‚
360 2957 584 3033 obedientiae,
608 2957 746 3021 honoris
769 2967 804 3021 et
827 2957 1104 3032 conversationis,
1124 2977 1209 3040 quae
1232 2959 1348 3026 debita

225 3053 379 3128 dicenda,
392 3053 469 3134 quia
483 3051 654 3116 hominem
670 3059 807 3132 oportet
823 3050 882 3114 illa
893 3049 1012 3116 lacere.
1058 3049 1125 3114 Sed
1141 3051 1225 3115 haec
1241 3061 1277 3116 et
1289 3051 1347 3117 illa

224 3149 257 3210 in
273 3147 386 3228 specie
398 3165 593 3209 enumerare
605 3145 691 3208 soret
707 3144 846 3226 implere
860 3145 1100 3209 membranam.
1145 3145 1249 3209 Varia
1261 3166 1346 3229 quae

225 3241 319 3324 leges
336 3239 448 3321 Regni
471 3241 658 3320 imponunt,
675 3247 840 3312 vocantur
855 3239 971 3302 debita
983 3239 1157 3304 charitatis
1173 3241 1249 3322 quia
1264 3239 1345 3304 cha·

224 3335 305 3398 ritas
320 3333 400 3398 facit
416 3331 473 3397 illa
488 3353 533 3396 ex
545 3333 672 3407 debito,
685 3341 721 3396 et
737 3351 805 3396 non
817 3353 863 3396 ex
879 3331 1104 3414 beneplacito,
1121 3343 1157 3396 et
1172 3333 1249 3415 quia
1264 3333 1345 3397 cha·

223 3429 305 3493 ritas
321 3424 454 3509 spetiat
470 3425 528 3490 illa
543 3436 579 3490 ut
595 3447 683 3502 usus,
700 3425 780 3490 facit
796 3425 854 3490 illa
868 3427 997 3490 sincere
1014 3436 1049 3490 et
1068 3427 1225 3509 benigne.
1269 3425 1345 3491 Sin-

224 3521 347 3586 ceritas
370 3530 406 3584 et
429 3521 621 3602 benignitas
644 3520 817 3584 charitatis
839 3530 917 3583 sunt
947 3521 980 3584 in
1003 3523 1095 3585 omni
1117 3521 1233 3585 debito
1255 3521 1346 3586 intus

224 3615 312 3698 apud
325 3614 401 3679 illos
413 3615 468 3697 qui
480 3616 513 3678 in
521 3609 687 3678 charitate
695 3624 773 3678 sunt
786 3635 793 3692 ;
807 3614 866 3678 sed
880 3623 914 3678 et
922 3615 1140 3679 sinceritaset
1153 3614 1345 3696 benignitas

224 3718 301 3773 sunt
317 3708 502 3772 secundum
522 3727 610 3784 usus,
627 3729 711 3791 quos
728 3708 900 3771 indebitis
918 3709 1136 3791 prospiciunt,
1152 3717 1188 3772 et
1211 3728 1344 3792 quoque

224 3803 407 3866 secundum
424 3803 711 3884 dispensationem
727 3821 844 3864 usuum
860 3821 961 3884 quam
977 3813 1111 3866 norunt.

287 3895 339 3960 At
362 3896 481 3960 eadem
497 3897 613 3960 debita
634 3896 723 3978 apud
746 3895 822 3959 illos
845 3897 900 3978 qui
924 3915 992 3960 non
1015 3897 1048 3958 in
1072 3896 1239 3960 charitate
1255 3905 1345 3974 sunt,

224 3999 389 4073 apparent
403 3989 523 4053 similia
532 3989 565 4052 in
577 3991 739 4065 externis,
750 3990 810 4054 sed
827 4009 894 4052 non
907 3999 984 4053 sunt
1001 3989 1121 4054 similia
1135 3991 1169 4054 in
1185 3990 1324 4054 internis
1336 4011 1344 4068 ;

224 4085 313 4166 apud
336 4083 399 4147 hos
414 4085 504 4146 enim
520 4102 588 4148 non
604 4094 658 4148 est
674 4084 849 4146 sinceritas
872 4103 934 4146 nec
958 4083 1153 4166 benignitas
1167 4104 1175 4161 ;
1199 4103 1301 4166 quare
1317 4083 1345 4146 si

225 4198 293 4242 non
309 4179 433 4242 timent
456 4176 562 4259 leges,
578 4187 637 4242 aut
653 4178 680 4242 si
698 4177 759 4241 has
775 4177 837 4240 sub
852 4176 964 4260 aliqua
979 4179 1092 4259 specie
1110 4187 1252 4258 possunt
1275 4176 1346 4241 elu-

225 4273 315 4347 dere,
340 4271 550 4335 defraudant.
605 4271 709 4354 Apud
734 4271 797 4335 hos
821 4291 889 4335 non
912 4269 1021 4335 solum
1046 4270 1115 4347 illa,
1135 4291 1220 4353 quae
1244 4290 1345 4352 supra

225 4375 414 4430 memorata
429 4375 518 4440 sunt,
535 4365 652 4429 debita
666 4375 756 4440 sunt,
773 4366 953 4429 sedetiam
977 4364 1072 4446 leges
1087 4364 1237 4446 justitiae
1252 4386 1260 4442 ;
1283 4365 1345 4430 has

225 4463 314 4524 enim
331 4469 468 4524 servant
484 4479 530 4524 ex
546 4460 668 4524 timore
685 4479 815 4542 poenae
831 4469 867 4523 et
883 4455 1033 4540 jacturae
1049 4459 1169 4535 famae,
1185 4467 1221 4522 et
1245 4477 1346 4540 prop-

226 4565 277 4619 ter
292 4555 376 4619 haec
393 4573 438 4618 ex
454 4553 571 4618 debito
586 4563 623 4618 et
638 4573 707 4618 non
722 4574 768 4618 ex
783 4573 898 4618 amore
910 4552 1002 4636 justi,
1019 4554 1068 4617 ita
1083 4572 1151 4617 non
1167 4572 1212 4617 ex
1228 4571 1344 4618 amore

225 4668 381 4732 proximi.
