3322 5298
722 687 774 740 nn
796 687 884 740 oue.
1325 693 1364 760 19

292 873 340 922 ιο.
370 854 473 940 Quod
490 855 734 932 beatitudines,
746 856 939 933 felicitates,
957 865 994 922 et
1006 855 1238 940 jucunditates
1250 868 1362 922 aeter-

456 971 532 1028 nae,
548 949 649 1015 simul
664 951 733 1017 sint
749 950 834 1015 fines
849 952 1053 1032 creationis;
1077 953 1155 1036 quia
1170 963 1250 1016 sunt
1266 973 1362 1016 amo-

454 1065 510 1110 rrs.
604 1073 607 1078 ·

293 1157 339 1204 11.
372 1138 475 1223 Quod
496 1139 552 1204 hic
568 1137 644 1204 finis
662 1141 708 1205 sit
725 1139 886 1220 intimus,
909 1141 959 1206 ita
978 1141 1067 1206 sicut
1081 1141 1156 1206 vita
1178 1150 1214 1206 et
1237 1142 1361 1216 anima,

423 1311 427 1318 ,
455 1254 496 1299 ac
526 1241 564 1298 ut
586 1235 638 1298 vis
666 1243 702 1299 et
732 1245 888 1311 conatus,
913 1236 947 1299 in
974 1235 1132 1299 omnibus
1158 1244 1195 1300 et
1221 1236 1363 1318 singulis

457 1329 592 1394 creatis.

293 1438 339 1486 12.
370 1419 472 1503 Quod
490 1421 548 1486 ille
566 1420 642 1486 finis
658 1421 703 1486 sit
722 1421 816 1486 Deus
834 1421 868 1485 in
886 1421 962 1486 illis.

294 1532 341 1597 ¹3·
372 1514 475 1598 Quod
504 1516 560 1580 hic
587 1514 663 1580 finis
691 1516 813 1580 insitus
841 1517 965 1580 creatis
998 1516 1032 1580 in
1062 1517 1235 1582 communi
1263 1527 1300 1581 et
1329 1518 1363 1580 in

456 1619 554 1694 parte
576 1609 678 1674 saciat
700 1619 738 1674 ut
757 1620 979 1676 conservetur
996 1611 1190 1676 universum
1211 1613 1246 1675 in
1268 1621 1364 1676 statu

457 1714 585 1782 creato,
605 1714 770 1788 quantum
793 1703 878 1769 fines
901 1707 1025 1769 amoris
1047 1707 1196 1790 oppositi
1214 1726 1282 1770 non
1302 1706 1362 1769 ob-

456 1808 553 1863 stant
569 1808 606 1864 et
625 1797 844 1863 labefactant.

293 1909 340 1974 14.
371 1891 474 1976 Quod
503 1893 609 1970 Deus,
637 1914 683 1957 ex
714 1893 839 1957 Divina
869 1913 930 1958 sua
959 1895 1222 1978 omnipotentia,
1253 1897 1363 1960 omni·

457 1989 661 2071 praesentia,
681 1997 717 2053 et
736 1988 984 2064 omniscientia,
1002 1990 1164 2054 continue
1186 1991 1364 2072 provideat

457 2101 501 2146 ne
517 2079 601 2146 fines
619 2083 769 2166 oppositi
786 2103 831 2146 ex
847 2083 1019 2147 amoribus
1035 2085 1202 2166 oppositis
1221 2104 1362 2166 praeva-

458 2175 564 2252 leant,
588 2185 624 2240 et
647 2177 831 2241 creationis
854 2195 939 2260 opus
962 2173 1169 2242 labefactent
1193 2198 1297 2261 usque
1320 2179 1364 2242 ad

456 2270 737 2335 internecionem.

294 2377 340 2447 15.
371 2363 474 2448 Quod
499 2365 718 2429 conservatio
743 2365 788 2429 sit
815 2367 980 2448 perpetua
1006 2365 1146 2444 creatio,
1169 2366 1258 2431 sicut
1284 2367 1363 2430 sub·

457 2459 616 2524 sistentia
633 2468 688 2524 est
706 2469 873 2542 perpetua
892 2459 1090 2524 existentia.

584 2971 745 3040 CAPUT
776 2971 1026 3040 OCTAVUM.

249 3189 306 3256 Da
329 3191 402 3257 Dm
424 3189 735 3270 Ouunonaum,
756 3189 1053 3270 Ouu1sc1aunrn,
1074 3207 1123 3258 aa
1141 3191 1364 3259 Ouurnnnn·

729 3300 879 3352 suum.

316 3511 342 3559 1.
372 3493 475 3578 Quod
491 3495 556 3561 Dei
571 3495 835 3579 omnipotentia,
853 3496 1103 3572 omniscientia,
1118 3505 1154 3560 et
1171 3497 1364 3579 omniprae-

458 3591 570 3655 sentia
599 3609 667 3653 non
701 3590 828 3654 cadant
861 3591 895 3653 in
925 3587 1138 3655 intellectum
1167 3591 1363 3664 humanum,

460 3685 538 3768 quia
553 3684 618 3748 Dei
634 3685 887 3766 omnipotentia
901 3693 955 3748 est
971 3683 1104 3747 infinita
1119 3685 1286 3766 potentia,
1301 3683 1365 3748 Dei

460 3779 699 3843 omniscientia
715 3787 768 3842 est
785 3777 916 3841 infinita
932 3779 1110 3862 sapientia,
1122 3788 1158 3842 et
1174 3779 1365 3860 omniprae-

461 3873 573 3937 sentia
590 3883 644 3937 est
667 3869 798 3937 infinita
816 3873 1019 3955 praesentia,
1040 3873 1074 3934 in
1098 3871 1254 3936 omnibus
1279 3893 1364 3954 quae

459 3968 640 4032 exiverunt
656 3977 692 4030 et
708 3986 795 4049 quae
811 3977 940 4030 exeunt
956 3965 1000 4029 ab
1016 3966 1115 4048 lpso;
1146 3985 1185 4030 ac
1206 3965 1365 4056 Divinum

461 4060 637 4126 Infinitum
656 4080 724 4126 non
744 4061 836 4124 ca'dit
855 4062 890 4124 in
908 4057 1122 4124 intellectum
1140 4059 1305 4123 finitum*

314 4171 342 4220 2.
374 4153 476 4237 Quod
494 4155 588 4220 Deus
605 4157 650 4219 sit
668 4156 897 4237 omnipotens,
918 4155 1101 4218 omniscius
1120 4163 1155 4218 et
1174 4155 1365 4236 omniprae-

459 4269 548 4326 sens,
560 4251 688 4333 absque
700 4249 858 4314 rationali
871 4250 1033 4313 scrutinio
1045 4249 1261 4331 agnoscitur3
1281 4269 1365 4331 quo-

459 4345 550 4408 niam
574 4343 684 4408 hoca
706 4343 782 4408 Deo
805 4343 913 4407 influit
939 4344 974 4406 in
998 4343 1205 4426 superiorem
1232 4353 1364 4426 partem

293 4576 309 4610 2
327 4577 505 4638 [Annonam
525 4585 544 4623 n
564 4575 824 4636 masmar-Jouod
842 4577 976 4635 procedant
995 4575 1078 4622 omnia
1096 4575 1230 4622 mundum
1248 4575 1366 4622 ordinem.

249 4645 322 4704 Quod
333 4645 401 4692 Deus
409 4644 440 4692 dt
450 4643 526 4692 Ordo.
