3338 5300
300 697 338 759 18
771 705 943 758 CORONIS.

296 889 332 944 et
357 898 416 961 per
433 877 509 954 illas
529 879 563 940 in
583 897 683 941 sensu
702 876 865 960 spirituali
887 873 1118 958 significentur
1136 871 1342 951 affectiones,
1361 873 1413 938 in-

297 973 510 1048 clinationes,
522 973 759 1054 perceptiones
771 981 807 1035 et
818 971 1056 1053 cogitationes.
1093 968 1150 1032 Ex
1162 969 1214 1032 his
1227 977 1324 1051 patet
1334 967 1412 1052 quid

298 1067 500 1149 intelligitur
518 1087 578 1150 per
597 1071 798 1130 “creaturas
806 1065 820 1091 ”
839 1066 873 1129 in
892 1065 1111 1155 sequentibus
1129 1063 1181 1128 his
1200 1063 1302 1136 locis:

345 1209 425 1276 Jesus
434 1210 569 1274 praeceplt
578 1210 714 1272 discipulis
724 1218 753 1259 ut
764 1210 834 1258 irent
846 1210 874 1258 in
886 1209 1041 1258 universum
1051 1209 1181 1258 muudum
1190 1219 1218 1259 et
1230 1207 1414 1272 praedicarent

428 1275 604 1338 Evangelium
619 1276 717 1324 “omni
729 1285 865 1324 creaturae
873 1273 888 1294 ”
900 1274 995 1336 (Marc.
1006 1274 1059 1323 xri.
1072 1273 1129 1337 15);

347 1343 364 1364 ⁴*
373 1341 400 1391 Sl
418 1341 477 1405 quis
491 1342 518 1420 in
531 1340 639 1426 Christo
651 1349 692 1389 est
710 1355 781 1389 nova
791 1349 921 1432 creatura,
934 1347 1025 1389 vetera
1041 1341 1213 1398 transierunt,
1224 1347 1251 1388 et
1268 1335 1340 1388 taeta
1351 1347 1413 1388 sunt

347 1474 365 1496 ‘¹
375 1405 661 1530 Haeocndtidi'tlllloivaineirz
672 1405 761 1520 grstia
773 1405 858 1520 iiiito
869 1479 897 1519 et
908 1484 997 1530 verus,
1011 1469 1173 1533 Principium
1182 1467 1327 1520 creaturae
1340 1465 1391 1518 Dei
1398 1467 1413 1488 ”

426 1537 512 1602 (apoc.
524 1537 561 1587 nr.
580 1535 627 1598 14).

296 1763 414 1838 creari,
431 1761 496 1825 hoc
516 1771 580 1838 est,
598 1761 801 1843 regenerari,
818 1769 854 1824 et
873 1761 920 1823 sic
940 1759 1009 1823 fieri
1027 1761 1071 1823 ab
1089 1759 1246 1823 Ecclesia
1265 1761 1412 1824 Domini.

358 1871 401 1938 4.
433 1853 534 1937 Quod
553 1865 698 1940 quatuor
716 1853 894 1918 Ecclesiae
917 1855 950 1917 in
970 1853 1033 1918 hac
1054 1853 1176 1918 tellure
1194 1855 1327 1930 suerint,
1347 1875 1413 1918 una

296 1959 377 2013 ante
400 1949 561 2014 diluvium
583 1971 669 2032 quae
684 1949 840 2013 vocanda
858 1959 911 2013 est
930 1948 1110 2024 Adamica,
1130 1948 1239 2013 altera
1261 1959 1339 2032 post
1361 1950 1411 2012 di-

297 2044 422 2108 luvium
445 2065 530 2127 quae
553 2044 709 2108 vocanda
735 2053 788 2108 est
815 2041 1002 2119 Noachica,
1026 2053 1062 2107 et
1089 2044 1192 2108 tertia
1218 2053 1297 2127 post
1323 2044 1410 2109 hanc

296 2158 382 2220 quae
404 2137 465 2202 suit
489 2137 686 2212 Israelitica,
706 2147 741 2201 et
764 2145 885 2220 quarta
903 2157 989 2220 quae
1011 2137 1114 2200 hodie
1136 2147 1189 2202 est
1212 2148 1247 2201 et
1271 2149 1412 2203 vocatur

297 2231 499 2308 Christiana,
520 2232 808 2296 demonstrabitur
826 2231 1094 2314 insequentibus
1116 2233 1149 2294 in
1168 2251 1229 2294 sua
1247 2233 1411 2314 expositi·

296 2346 362 2391 one
381 2327 424 2390 de
442 2328 627 2410 unaquavis
646 2324 854 2408 singulatim.

359 2494 401 2564 5.
431 2477 486 2551 (ii.)
509 2478 596 2548 duod
613 2474 771 2559 orrjrrcric1¹1
786 2473 946 2539 Ecclesiae
967 2481 1221 2559 quarantenae
1244 2475 1436 2542 eucmreiri·

296 2589 354 2634 ceu
374 2567 495 2652 periodi
519 2567 643 2639 inerint,
668 2583 748 2648 quoe
774 2565 805 2627 irr
832 2564 925 2628 Vario
948 2565 1158 2649 intelliguntur·
1178 2585 1239 2648 per
1261 2567 1412 2643 'lond'

298 2661 445 2734 ‘'iiiam''
466 2657 693 2740 “iaspommss'
716 2661 750 2720 ct
769 2655 1097 2739 'doomm.''—Quod
1126 2668 1270 2742 quatuor
1302 2670 1411 2726 status

297 2755 478 2820 successivi
504 2774 563 2818 seu
589 2752 717 2836 periodi
739 2749 883 2833 cujusvis
910 2751 1087 2816 Ecclesiae
1109 2773 1154 2816 ex
1181 2763 1326 2837 quatuor
1347 2755 1411 2819 illis

297 2849 581 2932 supranominatis
607 2846 739 2920 fuerint,
763 2847 796 2908 in
824 2845 1052 2928 sequentibus,
1076 2847 1110 2909 in
1133 2847 1252 2930 quibus
1274 2847 1317 2912 de
1344 2849 1410 2911 sin·

296 2942 385 3024 gulis
400 2943 433 3005 in
450 2962 511 3005 suo
527 2940 643 3004 ordine
660 2940 876 3021 transigetur,
893 2937 1123 3004 illustrabitur.
1169 2941 1411 3005 Describuntur

297 3057 357 3120 per
371 3035 446 3100 illas
463 3035 625 3117 temporis
641 3033 899 3108 vicissitudines,
917 3033 994 3117 quia
1012 3036 1122 3097 omnis
1140 3033 1244 3098 homo
1259 3035 1315 3118 qui
1334 3054 1409 3098 nas·

297 3133 384 3194 citur
409 3131 442 3193 in
469 3127 636 3204 Ecclesia,
660 3136 719 3192 aut
746 3129 779 3190 in
806 3148 873 3210 quo
898 3129 1051 3192 exoritur
1078 3127 1244 3204 Ecclesia,
1268 3129 1410 3212 primum

297 3225 391 3288 venit
417 3225 451 3286 in
478 3223 588 3286 lucem
615 3221 685 3304 ejus
707 3221 814 3305 qualis
841 3221 900 3286 illa
925 3231 980 3286 est
1006 3223 1039 3284 in
1054 3220 1210 3286 ,diluculo
1233 3233 1268 3286 et
1292 3242 1409 3302 mane;

298 3327 419 3402 postea
445 3317 658 3400 progreditur
682 3317 714 3380 in
742 3317 830 3380 diem
857 3315 938 3398 ejus,
962 3325 998 3380 et
1024 3315 1079 3399 qui
1105 3325 1199 3379 amat
1224 3335 1304 3379 vera
1330 3316 1408 3398 ejus,

297 3431 401 3494 usque
420 3411 464 3474 ad
483 3411 675 3488 meridiem3
707 3409 734 3473 si
752 3420 833 3474 tunc
853 3411 886 3474 in
904 3411 959 3474 via
977 3409 1141 3485 subsistit,
1161 3417 1196 3472 et
1215 3427 1285 3472 non
1307 3411 1410 3474 intrat

297 3507 331 3570 in
343 3505 492 3570 calorem
504 3506 591 3568 veris
607 3514 642 3568 et
658 3505 809 3579 aestatis,
823 3503 1029 3586 vesperascit
1042 3502 1111 3584 ejus
1124 3502 1206 3578 dies,
1220 3512 1256 3567 et
1271 3505 1409 3568 tandem

297 3601 384 3664 sicut
407 3598 467 3662 lux
490 3599 523 3662 in
542 3607 696 3680 tempore
715 3595 824 3661 nodtis
842 3597 1105 3673 obtenebrescit,
1126 3606 1161 3662 et
1184 3596 1221 3661 fit
1242 3607 1322 3663 tunc
1342 3597 1410 3681 ejus

297 3691 526 3774 intelligentia
541 3693 574 3755 in
589 3691 816 3774 spiritualibus
832 3691 1008 3756 Ecclesiae
1027 3689 1086 3754 lux
1102 3691 1230 3774 frigida,
1248 3694 1335 3758 sicut
1351 3693 1409 3756 lux

297 3789 426 3852 dierum
443 3797 596 3870 tempore
613 3787 742 3862 hiemis,
756 3786 892 3870 quando
907 3786 1043 3870 quidem
1055 3786 1148 3850 videt
1163 3786 1300 3850 arbores
1316 3797 1408 3851 stan·

297 3891 350 3946 tes
369 3879 469 3963 juxta
491 3881 629 3944 domum
656 3879 736 3961 ejus,
760 3890 818 3944 aut
845 3881 878 3944 in
904 3881 1012 3946 hortis
1034 3880 1114 3962 ejus,
1139 3879 1199 3944 sed
1222 3881 1409 3946 denudatas

296 3975 383 4039 soliis
405 3984 441 4039 et
464 3975 602 4038 orbatas
624 3971 793 4051 frutribus,
817 3976 865 4039 ita
886 3976 972 4038 sicut
996 3975 1103 4038 nudos
1126 3975 1277 4058 stipites:
1307 3974 1409 4039 homo

297 4070 386 4134 enim
403 4066 577 4132 Ecclesiae
589 4068 802 4150 progreditur
817 4090 836 4132 a
852 4087 951 4132 mane
966 4069 1000 4132 in
1012 4069 1112 4144 diem,
1126 4077 1263 4150 propter
1275 4087 1408 4132 causam

297 4173 334 4228 ut
350 4181 409 4245 per
424 4163 562 4226 rationis
579 4161 688 4226 lucem
704 4163 901 4229 reformetur
916 4172 951 4226 et
967 4171 1194 4245 regeneretur,
1207 4161 1297 4244 quod
1313 4163 1408 4226 unice

297 4255 334 4320 fit
350 4275 409 4338 per
424 4256 529 4320 vitam
545 4257 728 4320 secundum
744 4266 926 4339 praecepta
941 4257 1077 4320 Domini
1092 4257 1126 4319 in
1142 4253 1279 4336 Verbo;
1301 4257 1329 4321 si
1344 4257 1407 4320 hoc

297 4369 365 4414 non
392 4347 441 4426 fit,
464 4349 524 4412 lux
547 4347 617 4432 ejus
642 4349 726 4414 liunt
749 4349 920 4424 tenebrae,
944 4359 978 4414 et
1006 4351 1166 4414 tenebrae
1188 4349 1318 4432 callgo;
1344 4351 1407 4416 hoc

297 4454 360 4520 est,
373 4463 453 4508 vera
467 4443 550 4508 lucis
565 4445 653 4526 apud
668 4443 761 4507 illum
777 4453 953 4508 vertuntur
967 4443 1001 4507 in
1016 4443 1110 4518 falsa,
1123 4453 1158 4508 et
1174 4443 1257 4508 falsa
1271 4445 1304 4509 in
1321 4445 1408 4510 mala

295 4537 521 4620 inconspicua.
566 4536 679 4602 Aliter
696 4537 799 4602 homo
814 4537 870 4619 qui
888 4557 925 4601 se
943 4537 1068 4620 patitur
1083 4540 1292 4620 regenerari;
1315 4539 1406 4602 illum

297 4649 365 4694 non
388 4631 581 4714 supervenit
599 4651 680 4708 nox,
700 4629 851 4696 ambulat
870 4632 958 4696 enim
977 4631 1010 4694 in
1034 4631 1120 4709 Deo,
1140 4641 1175 4696 et
1193 4632 1270 4696 inde
1284 4631 1407 4715 jugiter
