3282 5294
278 653 321 721 24
688 649 739 702 DE
761 649 993 702 CHARITATE.

278 840 324 884 ex
337 818 448 898 malo;
467 839 512 883 ex
525 819 649 884 talibus
661 819 817 884 consistit
829 819 992 884 infernum
1005 841 1012 898 ;
1032 819 1075 883 ibi
1088 838 1207 885 omnes
1218 820 1405 887 varietates

279 913 347 980 odii
363 923 398 978 et
414 914 708 995 concupiscentiae
725 925 813 978 sunt.

343 1005 437 1072 Sicut
453 1004 667 1072 aifedtionum
684 1027 810 1090 genera
825 1017 860 1072 et
873 1008 992 1073 horum
1009 1009 1138 1090 species
1151 1017 1240 1084 sunt,
1257 1010 1305 1072 ita
1317 1030 1401 1094 quo·

279 1122 343 1185 que
360 1102 573 1166 charitatum.
618 1099 704 1166 Sunt
720 1103 834 1186 itaque
849 1102 1035 1168 charitates
1050 1104 1083 1166 in
1100 1101 1239 1184 plurali;
1263 1115 1298 1167 et
1322 1114 1401 1167 sunt

279 1195 404 1278 gradus
420 1194 489 1277 ejus
505 1195 647 1278 duplicis
662 1197 816 1278 generis;
840 1196 883 1259 de
898 1197 1017 1280 quibus
1035 1197 1195 1278 gradibus
1210 1194 1323 1261 aetum
1346 1209 1402 1262 est

279 1291 313 1354 in
327 1289 408 1372 Sap.
426 1289 458 1354 Α
463 1308 515 1372 ng.
532 1289 572 1354 de
582 1289 661 1354 Dia.
674 1289 800 1355 Amore
812 1289 933 1356 etDiv.
951 1290 1138 1372 Sapientia,
1151 1290 1258 1355 Parte
1279 1289 1401 1356 Tertia.

278 1475 305 1529 3.
332 1475 405 1534 duod
413 1477 488 1530 tomo
500 1459 664 1530 debentem
676 1475 791 1530 charitas
802 1475 828 1530 in
841 1479 931 1538 tama,
944 1493 994 1532 non
1005 1493 1022 1530 a
1033 1492 1065 1531 ee
1076 1478 1126 1531 eod
1134 1477 1274 1539 ovamine,
1287 1477 1325 1531 ita
1336 1479 1406 1547 quod

378 1554 417 1607 eit
426 1555 618 1622 receptaculum
630 1553 773 1607 etaetatis.

343 1679 427 1745 Vita
446 1681 591 1745 hominis
606 1681 662 1764 qui
684 1689 737 1744 est
760 1680 1012 1762 regenerandus
1034 1689 1087 1745 est
1111 1677 1243 1746 affedtio
1265 1681 1334 1745 veri
1357 1701 1403 1746 ex

280 1774 383 1851 bono,
400 1797 459 1840 seu
476 1776 642 1854 charitas;
666 1785 700 1838 et
717 1775 788 1838 vita
803 1793 871 1840 non
888 1785 941 1838 est
964 1775 1026 1838 nisi
1048 1795 1094 1838 ex
1111 1773 1204 1850 Vita,
1221 1777 1269 1838 ita
1289 1796 1309 1839 a
1330 1777 1402 1841 Do-

280 1870 384 1946 mina,
403 1867 468 1952 Qui
491 1879 544 1934 est
561 1869 644 1932 Vita
666 1870 699 1932 in
718 1867 773 1944 Se,
790 1879 827 1932 ut
847 1868 923 1950 Ipse
940 1869 1052 1946 docet,
1070 1869 1161 1951 quod
1177 1871 1220 1934 sit
1245 1868 1319 1942 Via,
1344 1869 1402 1934 Ve-

279 1963 379 2039 ritas,
403 1973 436 2027 et
466 1963 544 2028 Vita
570 1961 677 2046 [Jot.,
694 1965 774 2038 xiv,
790 1962 847 2045 6];
879 1973 914 2028 et
937 1962 1026 2038 alibi,
1051 1963 1141 2045 quod
1173 1963 1268 2028 Sicut
1296 1964 1403 2028 Pater

279 2055 378 2121 habet
408 2056 521 2122 Vitam
546 2059 583 2121 in
607 2057 659 2132 Se,
684 2059 735 2122 ita
758 2057 852 2121 dedit
879 2056 970 2120 Filio
999 2057 1119 2121 habere
1146 2057 1258 2122 Vitam
1287 2059 1324 2122 in
1360 2059 1403 2124 Se

282 2149 389 2232 [Jotz.,
407 2173 449 2228 v.,
466 2151 545 2236 26];
569 2161 604 2216 et
621 2152 708 2216 alibi.
753 2152 800 2216 Et
816 2151 894 2234 quia
909 2149 992 2216 Vita
1010 2161 1062 2215 est
1082 2152 1185 2228 Deus,
1203 2173 1271 2216 non
1288 2162 1403 2234 potest

280 2245 439 2310 Divinum
460 2247 667 2328 appropriari
687 2247 815 2312 homini
835 2247 891 2328 qui
913 2255 967 2310 est
988 2245 1101 2310 finitus
1124 2256 1160 2311 et
1183 2256 1327 2324 creatus,
1342 2248 1402 2312 sed

279 2349 395 2422 potest
411 2341 547 2406 influere
564 2351 599 2406 et
615 2340 751 2424 adjungi
767 2340 1005 2422 receptaculo;
1028 2341 1115 2404 sicut
1132 2340 1248 2405 oculus
1264 2351 1402 2406 nonest

280 2433 340 2499 lux
356 2435 389 2498 in
406 2457 452 2511 se,
469 2447 505 2500 at
522 2446 636 2518 potest
653 2437 811 2518 recipere,
829 2455 891 2498 nec
907 2437 995 2498 auris
1011 2446 1064 2500 est
1080 2436 1215 2499 auditus
1231 2437 1264 2499 in
1281 2456 1327 2510 se,
1341 2428 1403 2500 sed

280 2537 333 2593 est
349 2529 621 2612 receptaculum
648 2531 696 2594 ita
718 2529 835 2613 reliqui
858 2548 995 2608 sensus;
1019 2530 1067 2593 ita
1090 2550 1222 2613 quoque
1246 2547 1343 2594 mens
1366 2541 1402 2593 et

280 2622 350 2706 ejus
367 2624 542 2689 interiores
558 2645 687 2688 sensus.

344 2716 457 2800 Quare
481 2720 584 2783 homo
606 2719 742 2802 quidem
764 2727 818 2782 est
847 2715 1034 2801 subjectum
1057 2718 1242 2794 charitatis,
1266 2717 1327 2782 sed
1350 2729 1402 2782 est

279 2809 467 2894 subjeetum
482 2815 657 2896 recipiens,
674 2814 751 2896 quia
763 2823 896 2876 creatus
912 2823 964 2877 est
981 2814 1014 2876 in
1028 2813 1171 2877 sormam
1184 2814 1402 2895 recipientem

197 2987 201 2994 .
280 2907 381 2983 vitae,
395 2909 481 2971 sicut
497 2907 614 2971 oculus
629 2907 662 2971 in
674 2907 816 2971 sormam
828 2907 1047 2990 recipientem
1061 2907 1143 2971 lueis
1156 2918 1191 2972 et
1204 2907 1273 2989 ejus
1290 2907 1402 2989 objec-

280 3011 391 3066 torum
408 3021 467 3084 per
483 3001 603 3077 lucem,
620 3021 659 3065 ac
676 3002 763 3064 auris
786 3001 819 3065 in
841 3001 982 3066 formam
1005 3003 1224 3084 recipientem
1247 3003 1321 3065 soni
1344 3021 1403 3083 per

281 3115 401 3160 sonum
418 3116 493 3160 cum
509 3095 579 3177 ejus
595 3097 777 3160 harmoniis
793 3096 997 3160 influentem.

344 3188 410 3272 Qui
427 3191 533 3254 credit
554 3191 646 3274 quod
668 3211 688 3254 a
710 3211 746 3254 se
769 3192 813 3254 sit
835 3190 941 3254 forma
970 3190 1156 3266 charitatis,
1180 3189 1324 3268 fallitur3
1348 3189 1402 3254 vel

279 3285 386 3348 credit
403 3286 493 3366 quod
516 3287 559 3349 sit
577 3285 669 3350 Deus
691 3295 749 3350 aut
771 3285 929 3348 Divinum
953 3284 1156 3349 transfusum
1179 3285 1212 3348 in
1234 3285 1338 3358 illum,
1355 3286 1401 3348 sic

280 3388 385 3461 negat
403 3379 533 3458 Deum;
557 3379 611 3444 vel
627 3381 655 3444 si
666 3380 731 3444 hoc
748 3399 815 3454 non
832 3380 974 3462 cogitat,
989 3379 1084 3462 ponit
1101 3380 1257 3442 meritum
1270 3380 1303 3442 in
1319 3399 1401 3461 ope·

279 3473 370 3536 ribus
386 3474 570 3550 charitatis,
587 3475 686 3539 etsie
703 3472 740 3538 fit
756 3483 937 3538 externum
954 3473 1025 3555 ejus
1040 3473 1189 3537 charitas
1210 3484 1246 3536 et
1269 3493 1338 3538 non
1354 3475 1402 3550 in·

280 3579 414 3631 ternum
437 3568 526 3650 ejus3
551 3579 586 3632 et
608 3579 690 3633 tunc
714 3588 782 3632 non
809 3577 924 3650 potest
948 3567 1113 3631 Dominus
1136 3567 1290 3631 habitare
1313 3569 1401 3649 apud

279 3661 394 3742 illum;
419 3663 585 3726 Dominus
601 3683 669 3727 non
685 3663 818 3728 habitat
834 3663 867 3725 in
884 3661 948 3726 illis
960 3680 1045 3744 quae
1062 3671 1140 3725 sunt
1154 3663 1276 3743 proprii
1293 3661 1400 3725 horni-

281 3757 341 3828 nis,
359 3756 423 3820 sed·
442 3757 475 3819 in
491 3755 579 3835 Suo;
603 3757 769 3821 habitabit
792 3757 826 3820 in'
843 3755 976 3831 Divino,
993 3765 1028 3820 et
1051 3755 1131 3819 iacit
1154 3757 1200 3819 sic
1225 3755 1401 3820 hominem

280 3851 498 3932 recipientem
517 3851 630 3914 Divini
645 3851 871 3934 procedentis,
888 3851 977 3933 quod
994 3860 1046 3914 est
1063 3850 1249 3913 charitatis.

343 3943 412 4009 Sed
428 3945 531 4010 horno
546 3947 594 4009 ita
609 3955 742 4010 creatus
757 3955 822 4021 est,
839 3955 876 4009 ut
892 3945 1022 4028 cogitet
1039 3955 1074 4008 et
1090 3944 1173 4008 velit
1189 3943 1275 4007 sieut
1292 3965 1337 4008 ex
1353 3963 1400 4018 se,

280 4047 316 4102 et
332 4038 409 4103 inde
426 4039 583 4122 loquatur
605 4050 640 4104 et
656 4050 737 4122 agat
753 4041 841 4104 sicut
856 4061 901 4103 ex
924 4061 981 4118 se;
1003 4039 1064 4102 sed
1080 4059 1185 4121 usque
1208 4038 1325 4101 datum
1349 4048 1402 4102 est

281 4133 376 4209 scire,
394 4135 484 4216 quod
500 4153 600 4198 omne
621 4135 747 4199 bonum
763 4133 939 4198 charitatis
954 4143 989 4196 et
1006 4151 1120 4197 verum
1137 4131 1214 4195 fidei
1230 4133 1309 4196 sita
1330 4131 1401 4197 Do·

281 4227 391 4291 mino:
415 4229 471 4310 qui
492 4247 560 4291 non
577 4230 707 4311 cogitat
724 4227 908 4292 secundum
931 4227 963 4290 id
980 4247 1106 4301 verum,
1124 4244 1191 4290 non
1208 4235 1260 4290 est
1277 4227 1310 4290 in
1327 4225 1401 4290 luce

280 4323 361 4397 veri,
372 4321 431 4386 sed
448 4323 482 4385 in
495 4321 619 4386 lumine
631 4323 734 4398 fatuo,
748 4332 783 4386 et
799 4323 883 4386 haec
896 4331 974 4386 sunt
987 4321 1148 4385 tenebrae
1161 4321 1194 4384 in
1207 4319 1281 4384 luce
1294 4319 1401 4398 coeii;

280 4415 359 4480 inde
375 4435 437 4480 nec
454 4425 569 4498 potest
586 4417 743 4481 illustrari
758 4417 792 4480 in
815 4415 950 4499 reliquis
965 4415 1062 4490 veris,
1080 4415 1141 4478 nisi
1164 4413 1274 4478 solum
1290 4415 1401 4496 quoad

281 4511 488 4586 memoriam,
506 4529 573 4574 non
590 4521 703 4576 autem
720 4509 831 4594 quoad
854 4511 1117 4592 perceptionem,
1134 4529 1220 4592 quae
1242 4519 1296 4572 est
1318 4505 1401 4572 fides

281 4605 315 4669 in
331 4625 391 4669 sua
405 4605 563 4668 essentia.
