3338 5300
498 687 700 738 INVITATIO
721 687 776 752 ,AD
799 646 937 739 HOVAM
960 687 1183 739 ECCLESIAM.
1353 689 1395 758 97

279 856 436 932 creditur,
449 856 621 940 quomodo
636 865 751 939 potest
768 857 931 922 terminus
946 857 1211 940 metaphysicus,
1225 856 1396 932 Essentia,

279 951 388 1015 iacere
406 971 451 1014 ex
475 951 582 1014 tribus
601 971 702 1014 unum
716 951 852 1014 l-dum
875 953 1101 1034 proprietates
1117 951 1259 1034 cujusvis
1279 952 1397 1015 Perso-

279 1065 343 1109 nae
366 1046 520 1108 diversae
543 1055 632 1120 sunt,
653 1046 701 1108 ita
724 1046 877 1109 diversae
900 1055 938 1109 ut
960 1045 1116 1110 dicantur
1133 1045 1398 1110 incommunica-

278 1139 383 1219 biles;
399 1149 435 1204 et
452 1160 527 1203 cum
544 1141 702 1222 aequales
719 1140 886 1204 Personae
902 1142 1056 1224 propriae
1071 1161 1131 1224 per
1146 1161 1183 1205 se
1199 1141 1397 1212 subsistunt,

279 1245 314 1301 et
331 1255 397 1300 una
416 1255 483 1299 non
503 1245 635 1317 partem
652 1245 686 1298 et
705 1235 905 1318 qualitatem
924 1235 1029 1299 habet
1044 1237 1078 1299 in
1097 1235 1215 1312 altera,
1232 1255 1291 1298 seu
1310 1234 1397 1298 alte-

279 1331 346 1394 rius
373 1350 548 1414 personae.
593 1325 669 1394 1¹¹At
692 1330 772 1394 dum
802 1331 950 1394 creditur
978 1331 1069 1414 quod
1098 1350 1183 1393 unus
1212 1330 1304 1394 Deus
1330 1349 1399 1392 non

280 1425 383 1488 modo
402 1425 445 1487 sit
459 1416 616 1498 Creator,
636 1424 697 1488 sed
716 1426 819 1488 etiam
837 1424 1048 1506 Redemptor
1063 1434 1098 1489 et
1118 1422 1297 1507 Operator,
1317 1433 1399 1488 tunc

279 1519 445 1584 habemus
461 1539 563 1582 unum
584 1519 714 1596 Deum;
737 1529 772 1582 et
792 1530 872 1582 tunc
892 1520 1035 1601 primum
1052 1518 1208 1583 Ecclesia
1225 1519 1345 1582 existit
1363 1527 1400 1582 et

281 1614 445 1690 subsistit,
469 1624 505 1678 et
528 1613 648 1695 religio
665 1615 760 1678 vivit.
804 1613 852 1678 Et
875 1614 959 1678 haec
983 1615 1062 1677 unio
1085 1615 1186 1678 trium
1209 1633 1278 1676 non
1301 1611 1400 1677 aliter

281 1709 353 1772 dari
371 1719 487 1790 potest
506 1729 607 1792 quam
627 1710 713 1772 sicut
736 1710 770 1772 in
793 1710 911 1792 quovis
930 1708 1246 1784 homine-anima,
1266 1727 1398 1791 corpus,

282 1813 318 1868 et
333 1803 531 1886 procedens.
563 1804 659 1868 Haec
676 1805 741 1868 tria
756 1803 882 1867 iaciunt
898 1824 1000 1867 unum
1017 1804 1208 1868 hominem:
1232 1802 1312 1886 quid
1331 1821 1399 1866 non

281 1895 430 1975 ¹¹¹Deum,
454 1899 508 1982 qui
531 1909 585 1964 est
609 1899 687 1981 lpse
711 1898 827 1962 Homo
850 1895 1029 1981 a¹⁸¹primis
1048 1899 1091 1962 ad
1114 1898 1256 1962 ultima?
1301 1897 1340 1961 In
1359 1897 1399 1962 li·

281 1987 343 2058 bro
371 1993 424 2056 De
450 1993 578 2058 Amore
605 2004 637 2058 et
666 1993 841 2074 Sapientia
867 2004 1008 2058 ostensa
1034 2003 1113 2057 sunt
1143 1994 1227 2058 haec
1255 1992 1297 2056 de
1324 1992 1400 2057 Deo

283 2088 442 2166 Homine,
462 2110 548 2173 quae
566 2089 764 2167 videantur;
788 2099 823 2152 et
842 2089 933 2172 quod
956 2108 1023 2152 non
1042 2089 1086 2152 sit
1105 2088 1233 2162 aether,
1253 2103 1320 2163 aer,
1341 2097 1400 2152 aut

283 2194 416 2250 ventus.
461 2183 563 2266 Quod
585 2186 697 2250 anima
720 2183 864 2265 cujusvis
882 2183 1028 2247 hominis
1046 2184 1090 2246 sit
1110 2184 1182 2265 ipse
1200 2183 1304 2246 homo
1321 2183 1401 2247 inde
1486 2197 1490 2205 '

283 2280 441 2361 sequitur.

348 2372 437 2454 Quia
462 2393 551 2438 nunc
578 2373 742 2437 habemus
765 2393 868 2436 unum
891 2371 1002 2436 Deum
1025 2373 1059 2435 in
1082 2370 1249 2449 Ecclesia,
1269 2371 1325 2454 qui
1347 2379 1401 2436 est

284 2467 377 2534 Deus
397 2468 513 2532 Homo
535 2477 570 2532 et
595 2467 711 2532 Homo
730 2469 833 2542 Deus,
852 2477 994 2531 vocatur
1012 2466 1071 2530 illa
1093 2465 1229 2530 Corona
1250 2465 1400 2530 omnium

284 2561 524 2628 Ecclesiarum.

349 2657 430 2741 (54.)
463 2656 563 2740 Quod
584 2659 617 2720 in
637 2657 773 2722 Christo
794 2657 910 2721 Homo
928 2656 971 2721 sit
991 2656 1084 2720 Deus
1095 2654 1228 2736 2-(Ex
1243 2653 1404 2720 Famula

286 2751 496 2828 Concordiae,
516 2753 550 2814 in
569 2753 678 2815 tribus
697 2751 804 2833 locz's.)

351 2847 427 2929 (Ex
441 2845 559 2923 Paulo,
575 2847 670 2910 Rom.
683 2849 750 2910 xiv.
769 2864 802 2909 11
818 2869 826 2924 ;
853 2845 978 2912 Caloss.
991 2845 1022 2910 ii.
1035 2843 1082 2929 9.)

351 2941 428 3023 (Ex
440 2942 605 3018 Johanne,
624 2959 635 3004 1
654 2941 718 3023 Ep.
731 2963 761 3005 v.
780 2958 831 3016 20,
849 2941 915 3024 21.)

349 3037 368 3118 (
369 3037 426 3100 Ex
442 3037 581 3100 Domini
595 3037 707 3100 verbis
720 3059 777 3098 .·-

432 3207 454 3246 1.
506 3195 558 3244 uod
573 3193 645 3244 Deus
657 3204 714 3244 erat
725 3195 853 3254 Verbum,
868 3204 895 3244 et
907 3193 1025 3244 Verbum
1038 3193 1109 3243 Caro
1122 3190 1222 3244 iactum
1235 3193 1271 3244 sit

432 3268 457 3306 a.
508 3257 562 3306 uod
573 3259 665 3308 omnia
678 3259 764 3308 Patris
778 3257 866 3322 Ipsius
878 3254 967 3308 ¹⁴¹sint.

433 3333 456 3383 3.
508 3322 561 3372 uod
573 3319 691 3372 l‘lomnia
704 3322 791 3373 Patris
803 3325 837 3372 ad
851 3323 942 3386 Ipsum
955 3325 1073 3374 veniant.

430 3397 455 3446 4.
507 3386 560 3435 uod
568 3388 635 3436 sicut
645 3386 900 3437 Paterhabetvitam
910 3390 936 3436 in
946 3389 979 3438 Se
988 3389 1060 3452 lpso,
1070 3390 1106 3438 ita
1115 3389 1205 3440 Filius.
1228 3389 1362 3444 (“Vitaln
1370 3391 1404 3443 Se

549 3449 635 3513 Ipso”
644 3460 685 3500 est
698 3451 793 3512 Deus.)

432 3527 455 3576 5.
507 3517 560 3566 uod
574 3515 653 3565 Pater
665 3527 692 3566 et
706 3517 767 3579 ipse
780 3533 862 3566 unum
876 3519 939 3568 sint.

430 3582 454 3632 ὁ.
506 3582 560 3631 uod
575 3581 675 3644 ipsein
689 3583 777 3640 Patre,
792 3593 818 3632 et
832 3583 911 3632 Pater
923 3585 950 3632 in
965 3584 1038 3647 Ipso.

432 3659 454 3707 7.
481 3647 560 3712 Quod
572 3649 616 3710 qui
628 3648 700 3697 videt
714 3647 806 3711 Ipsum
820 3651 910 3698 videat
923 3650 1039 3700 Patrem.

431 3713 455 3763 8.
481 3713 560 3778 Quod
573 3713 646 3762 Deus
659 3713 725 3762 caeli
738 3725 765 3763 et
777 3725 863 3764 terrae
876 3717 921 3764 sit.

429 3792 454 3841 9.
506 3779 558 3828 uod
571 3789 646 3842 regat
658 3780 821 3830 universum.
857 3781 910 3842 (Ex
924 3781 1056 3844 Symbola.)

415 3855 454 3895 ιο.
506 3845 559 3894 uod
572 3845 674 3894 dicatur
689 3843 830 3908 “Jehovah
845 3846 1037 3909 Redemptor.”

415 3921 453 3960 11.
505 3912 558 3960 uod
570 3911 673 3960 dicatur
687 3909 828 3974 “Jehovalr
840 3911 975 3976 justitia.''

414 3987 453 4027 12.
479 3976 558 4090 Puod
569 3977 672 4026 dicatur
683 3978 754 4039 quod
767 3976 889 4041 Jehovah
901 3979 929 4028 in
943 3979 1072 4028 mundum
1085 3987 1215 4028 venturus
1228 3979 1272 4030 sit.

414 4051 453 4102 13.
494 4057 511 4090 n
524 4041 674 4106 Apocalypsi
686 4041 753 4105 (cap.
764 4043 802 4106 i),
818 4045 889 4106 quod
901 4045 936 4093 sit
951 4044 1085 4094 “Primus
1098 4055 1125 4094 et
1138 4044 1286 4095 Ultimus.”

414 4117 453 4168 14.
478 4107 576 4166 Verbo,
591 4107 662 4171 quod
674 4108 710 4156 sit
729 4107 802 4158 Deus
822 4109 909 4168 Pater,
924 4110 969 4172 qui
986 4109 1136 4170 invisibilis,
1151 4111 1178 4159 in
1193 4109 1323 4160 Humano
1335 4111 1407 4175 quod

543 4187 633 4224 coram
646 4175 780 4223 mentibus
794 4175 919 4238 visibile.)

344 4333 446 4418 Quod
469 4337 547 4419 quia
566 4336 612 4400 sic
633 4357 717 4400 unus
737 4337 829 4401 Deus
852 4338 885 4400 in
906 4336 1071 4414 Ecclesia,
1090 4337 1246 4402 Ecclesia
1268 4339 1312 4404 sit
1331 4338 1399 4404 Ec·

279 4429 392 4507 clesia,
410 4439 487 4506 etc,
504 4441 570 4495 etc.
615 4431 671 4494 Ex
689 4431 841 4514 Symbola
856 4431 1070 4496 Athanasii:

332 4591 421 4664 Quod
442 4591 524 4648 Deus
537 4603 568 4648 et
589 4591 691 4648 Homo
705 4593 735 4647 ln
750 4592 872 4650 Christo
884 4595 924 4650 sit
938 4611 997 4650 una
1011 4593 1153 4660 Persona,
1168 4595 1247 4651 sicut
1259 4596 1362 4652 anima
1376 4608 1408 4654 et

279 4679 400 4736 corpus;
422 4675 487 4720 turn
501 4665 582 4736 quod
600 4663 740 4720 Humana
755 4665 869 4720 Natura
882 4677 1036 4737 assumpta
1048 4668 1087 4722 sit
1102 4667 1131 4721 in
1147 4667 1253 4723 Deum.
