3352 5298
429 663 477 714 ET
499 663 584 730 EJUS
607 662 805 716 DOCTRINA
827 665 1102 718 casumve-tt.
1124 654 1192 736 138.
1328 655 1368 737 85

250 831 331 896 boni
350 831 491 909 habent,
508 833 555 898 illi
575 855 707 918 quoque
726 836 970 900 conscientiam
986 835 1067 918 justi
1087 836 1237 915 habent;
1260 839 1370 921 atqui

251 928 355 992 modo
370 929 618 993 conscientiam
633 929 715 1011 justi
733 929 875 1004 habent,
893 930 941 994 illi
957 932 991 995 in
1007 931 1171 996 facultate
1189 942 1269 996 sunt
1285 933 1370 996 reci·

250 1021 365 1104 piendi
387 1023 634 1088 conscientiam
660 1025 761 1104 boni;
795 1034 832 1090 et
862 1045 996 1110 quoque
1022 1027 1189 1108 recipiunt
1213 1045 1290 1090 cum
1317 1027 1369 1090 in·

250 1113 379 1180 structi.

306 1226 402 1296 133.
425 1211 647 1278 Conscientia
659 1215 750 1297 apud
762 1215 841 1279 illos
856 1216 913 1300 qui
928 1217 962 1280 in
974 1216 1145 1281 charitate
1157 1236 1240 1299 erga
1251 1217 1370 1300 proxi·

251 1323 345 1368 mum
367 1314 458 1381 sunt,
479 1315 532 1370 est
559 1307 770 1371 conscientia
793 1309 874 1383 veri,
894 1309 972 1392 quia
996 1307 1161 1372 formatur
1183 1330 1242 1392 per
1268 1307 1370 1374 fidem

251 1399 344 1477 veri;
374 1400 466 1482 apud
492 1399 570 1465 illos
592 1411 709 1466 autem
731 1403 787 1485 qui
813 1403 848 1466 in
870 1421 987 1467 amore
1013 1404 1047 1466 in
1070 1403 1255 1468 Dominum
1278 1413 1369 1478 sunt,

251 1503 306 1557 est
324 1495 537 1559 conscientia
556 1496 646 1572 boni,
664 1497 743 1580 quia
765 1496 929 1560 formatur
947 1517 1006 1581 per
1024 1517 1175 1562 amorem
1195 1499 1283 1562 veri:
1307 1497 1370 1561 ho·

251 1607 325 1651 rum
349 1589 559 1654 conscientia
582 1601 635 1655 est
659 1591 871 1655 conscientia
893 1593 1055 1674 superior,
1075 1601 1111 1656 et
1134 1602 1276 1656 vocatur
1294 1613 1371 1678 per·

252 1684 369 1766 ceptio
390 1685 462 1748 veri
484 1705 529 1750 ex
553 1684 655 1749 bono.
701 1685 755 1772 llli
784 1687 839 1769 qui
867 1687 1114 1751 conscientiam
1136 1687 1206 1752 veri
1228 1687 1370 1762 habent,

252 1787 333 1842 sunt
356 1799 375 1842 e
398 1799 506 1861 regno
531 1779 697 1862 spirituali
720 1779 877 1859 Domini;
908 1791 945 1846 at
971 1781 1020 1844 illi
1044 1783 1100 1864 qui
1126 1783 1371 1846 conscientiam

252 1874 471 1956 superiorem,
492 1893 578 1956 quae
597 1885 741 1939 vocatur
758 1877 946 1958 perceptio,
966 1875 1107 1952 habent,
1127 1886 1207 1940 sunt
1226 1895 1247 1940 e
1263 1895 1372 1958 regno

252 1967 395 2032 caelesti
411 1967 559 2032 Domini.

312 2065 411 2148 136·
442 2064 511 2129 Sed
537 2066 701 2148 exempla
729 2065 905 2130 illustrent
930 2066 1010 2148 quid
1036 2067 1257 2132 conscientia.
1305 2065 1372 2148 Qui

253 2155 393 2222 alterius
409 2157 500 2222 bona
516 2159 605 2241 apud
621 2179 657 2222 se
674 2159 790 2234 habet,
805 2159 980 2222 nesciente
995 2157 1117 2232 altero,
1131 2169 1166 2222 et
1183 2160 1229 2222 sic
1246 2159 1373 2242 absque

254 2252 377 2316 timore
396 2251 493 2334 legis,
507 2250 658 2334 jacturae
677 2251 815 2317 honoris
834 2263 870 2318 et
888 2251 1009 2328 lamae,
1027 2262 1144 2336 potest
1163 2251 1284 2318 lucrari
1303 2251 1372 2327 illa,

254 2348 282 2412 si
306 2367 411 2430 usque
430 2346 529 2412 alteri
548 2347 671 2423 reddit,
691 2349 770 2430 quia
792 2368 853 2412 sua
876 2367 944 2412 non
968 2357 1059 2422 sunt,
1076 2348 1103 2410 is
1126 2347 1374 2412 conscientiam

253 2441 380 2522 habet;
405 2462 484 2506 nam
496 2442 577 2507 facit
593 2443 720 2506 bonum
737 2453 877 2526 propter
888 2443 1026 2518 bonum,
1041 2454 1076 2506 et
1089 2442 1218 2524 justum
1234 2451 1375 2526 propter

251 2534 390 2618 justum.
436 2535 487 2602 sit
506 2558 640 2620 quoque
663 2538 719 2620 qui
742 2547 859 2620 potest
878 2539 993 2602 venire
1012 2538 1056 2602 ad
1078 2535 1296 2612 functionem,
1313 2536 1374 2600 sed

190 2707 194 2718 Ι
255 2632 320 2695 scit
343 2632 434 2715 quod
458 2631 556 2706 alter,
577 2632 633 2714 qui
656 2633 761 2696 etiam
784 2631 903 2708 ambit,
923 2633 1054 2715 patriae
1074 2631 1187 2696 utilior
1205 2633 1270 2708 sit;
1296 2631 1324 2694 is
1347 2631 1375 2694 si

256 2725 348 2790 cedit
364 2724 465 2791 alteri
488 2725 600 2790 locum
620 2736 760 2808 propter
778 2725 905 2790 bonum
929 2727 1071 2810 patriae,
1091 2726 1119 2788 is
1142 2725 1267 2788 bonam
1291 2744 1375 2788 con·

256 2821 435 2886 scientiam
454 2821 569 2886 habet.
615 2821 670 2884 lta
687 2821 721 2883 in
737 2820 883 2903 reliquis.

314 2930 408 3000 137.
436 2915 494 2980 Ex
516 2916 568 2980 his
591 2917 751 2981 concludi
772 2927 889 2999 potest
912 2917 1031 3000 quales
1052 2925 1133 2980 sunt
1156 2915 1205 2979 illi
1227 2916 1284 2998 qui
1305 2935 1375 2979 non

256 3010 501 3074 conscientiam
520 3009 669 3074 habent:
693 3019 949 3092 cognoscuntur
964 3029 1009 3074 ex
1026 3009 1196 3092 opposito.
1241 3007 1303 3083 Ut,
1320 3008 1376 3092 qui

256 3113 397 3187 propter
419 3103 549 3168 lucrum
572 3103 798 3186 quodcunque
821 3103 948 3168 iaciunt
972 3115 1009 3168 ut
1027 3103 1189 3185 injustum
1212 3113 1375 3186 appareat

253 3198 393 3280 justum,
412 3219 452 3263 ac
477 3209 514 3262 ut
537 3199 664 3262 malum
688 3207 852 3281 appareat
876 3199 1015 3273 bonum,
1034 3218 1075 3262 ac
1099 3199 1172 3262 vice
1194 3217 1304 3272 versa,
1328 3196 1377 3260 illi

257 3293 503 3358 conscientiam
520 3313 587 3357 non
604 3293 753 3356 habent:
778 3291 826 3356 illi
842 3313 905 3356 nec
922 3295 1033 3357 sciunt
1047 3291 1126 3375 quid
1143 3293 1376 3371 conscientia;

257 3389 344 3454 etsi
369 3389 583 3453 instruuntur
604 3387 683 3472 quid
711 3399 776 3464 est,
797 3408 865 3452 non
895 3388 1051 3460 credunt,
1075 3397 1111 3451 et
1140 3387 1277 3470 quidam
1308 3406 1376 3450 non

257 3481 378 3548 volunt
394 3484 491 3547 scire.
528 3482 633 3546 Tales
648 3492 740 3559 sunt,
753 3483 809 3565 qui
825 3492 967 3565 propter
978 3501 1016 3546 se
1032 3491 1068 3546 et
1085 3481 1247 3544 mundum
1263 3481 1378 3544 omnia

258 3587 377 3660 agunt.

317 3673 413 3757 138.
442 3673 509 3756 Qui
531 3674 780 3738 conscientiam
803 3693 873 3736 non
895 3681 1099 3755 receperunt
1117 3672 1151 3735 in
1169 3669 1309 3744 mundo,
1328 3669 1377 3733 illi

258 3767 505 3832 conscientiam
524 3787 593 3830 non
612 3767 762 3850 recipere
781 3775 925 3850 possunt
949 3767 982 3828 in
1006 3764 1117 3829 altera
1136 3765 1217 3838 vita,
1237 3763 1285 3826 ita
1308 3781 1377 3826 non

259 3872 402 3945 possunt
424 3862 559 3928 salvari.
604 3859 716 3928 Causa
737 3871 801 3938 est,
824 3862 902 3944 quia
924 3859 990 3924 illis
1013 3879 1081 3924 non
1104 3869 1158 3924 est
1181 3858 1320 3941 planum
1343 3858 1377 3921 in

259 3957 350 4040 quod
372 3955 490 4020 influat
520 3966 556 4020 et
583 3977 643 4040 per
666 3955 757 4039 quod
784 3964 944 4039 operetur
970 3953 1114 4028 caelum,
1139 3952 1205 4016 hoc
1228 3961 1293 4026 est,
1317 3971 1379 4036 per

259 4051 391 4118 caelum
411 4051 589 4127 Dominus,
603 4059 638 4116 et
658 4050 736 4114 illos
751 4049 901 4114 adducat
917 4048 961 4112 ad
980 4045 1045 4126 Se;
1069 4065 1148 4111 narn
1167 4046 1378 4111 conscientia

260 4156 314 4212 est
331 4145 472 4232 planum
490 4155 526 4212 et
544 4143 799 4230 receptaculum
817 4143 964 4208 influxus
982 4141 1079 4208 caeli.
