3282 5294
648 674 700 730 bs
721 671 952 724 ennarrans.
1318 684 1361 750 47

241 841 365 906 dantur
378 851 415 906 et
429 840 599 920 furantur;
622 850 701 905 sunt
717 841 836 905 sinceri
851 842 885 905 in
901 843 1063 919 externis,
1080 843 1141 907 sed
1157 843 1312 910 insinceri
1328 847 1360 909 in

239 937 379 1000 internis
391 957 399 1014 ;
422 956 511 1012 usus,
524 956 608 1018 quos
619 934 745 998 faciunt
760 937 794 998 in
806 934 924 1000 officiis
940 945 975 1000 et
988 937 1179 1002 muneribus
1192 940 1269 1014 suis,
1282 949 1361 1004 sunt

238 1028 303 1093 illis
316 1029 452 1113 jucundi
468 1040 504 1093 et
519 1031 653 1094 amoeni
664 1031 751 1094 sicut
766 1038 845 1093 sunt
861 1039 1012 1094 stercora
1026 1031 1150 1106 suibus,
1165 1051 1275 1096 mures
1287 1033 1361 1096 seli-

238 1124 313 1202 bus;
329 1125 496 1206 aspiciunt
511 1124 665 1188 homines
680 1124 767 1187 sicut
783 1123 880 1205 tigris
895 1132 953 1189 aut
973 1123 1194 1206 lupusagnos
1210 1136 1245 1189 et
1268 1147 1360 1202 oves,

239 1238 322 1301 quos
338 1219 366 1282 si
381 1228 524 1305 possunt
540 1218 726 1296 devorant3
749 1217 875 1282 bonum
891 1238 970 1281 usus
993 1238 1062 1282 non
1084 1221 1194 1284 sciunt
1211 1221 1302 1302 quod
1317 1223 1362 1285 sit

238 1311 373 1395 aliquid.
418 1311 483 1376 Est
495 1311 679 1394 jucundum
695 1320 731 1375 et
747 1331 926 1375 amoenum
942 1311 1104 1376 infernale
1116 1313 1149 1377 in
1163 1313 1295 1378 illorum
1311 1315 1362 1379 di-

238 1407 413 1486 versoriis3
430 1416 509 1470 sunt
524 1407 611 1469 sicut
627 1407 710 1469 asini
726 1407 781 1488 qui
796 1407 830 1469 in
846 1407 952 1488 pratis
967 1417 1002 1470 et
1019 1409 1147 1494 campis
1164 1427 1231 1471 non
1244 1409 1362 1474 vident

238 1499 366 1584 aliquas
382 1501 619 1575 amoenitates,
636 1499 745 1563 solum
768 1509 805 1563 ut
828 1499 1015 1581 depascant
1036 1500 1103 1577 illa,
1120 1503 1191 1566 sive
1207 1504 1251 1566 sit
1274 1505 1362 1568 triti·

239 1615 315 1660 cum
330 1596 401 1659 sive
417 1595 582 1660 hordeum
597 1595 632 1657 in
647 1595 757 1676 spicis.
803 1592 871 1658 Sed
887 1594 970 1658 haec
983 1592 1074 1659 dicta
1089 1595 1226 1664 suntde
1242 1599 1361 1661 avaris.

302 1689 343 1754 In
358 1689 425 1753 illis
436 1699 562 1765 autem,
576 1689 631 1772 qui
646 1687 755 1752 solum
767 1689 895 1752 obeunt
911 1708 1051 1752 munera
1065 1709 1125 1753 sua
1140 1700 1279 1772 propter
1292 1693 1362 1756 vic-

238 1791 311 1848 tum
326 1793 362 1848 et
375 1784 598 1847 necessitates
613 1783 714 1858 vitae,
728 1791 801 1846 tum
817 1784 873 1865 qui
884 1783 1012 1847 obeunt
1028 1783 1087 1847 ilia
1099 1783 1208 1848 solum
1224 1795 1363 1866 propter
1389 1841 1393 1848 .

238 1897 362 1942 nomen
385 1887 423 1942 ut
446 1876 669 1952 celebrentur,
685 1886 722 1941 et
740 1875 788 1940 illi
803 1877 859 1958 qui
874 1877 1003 1940 obeunt
1025 1876 1083 1940 illa
1098 1875 1207 1941 solum
1224 1889 1362 1961 propter

238 1969 367 2044 salaria,
385 1971 430 2035 ob
444 1969 546 2034 finem
561 1980 599 2034 ut
619 1970 800 2046 ditescant,
816 1968 872 2034 vel
895 1980 932 2035 ut
954 1973 1071 2035 vivant
1086 1971 1198 2054 genio,
1215 1982 1295 2037 sunt
1311 1975 1361 2037 di·
1417 2025 1421 2030 .

238 2067 385 2130 versoria
400 2084 501 2146 supra
511 2075 700 2130 memorata
715 2064 779 2128 soli
794 2085 893 2144 usus;
916 2074 995 2129 sunt
1008 2067 1159 2147 corporei
1175 2075 1210 2130 et
1223 2085 1362 2130 sensua-

237 2159 307 2238 les;
330 2160 465 2242 spiritus
480 2178 597 2224 eorum
612 2169 691 2222 sunt
707 2159 880 2237 immundi,
896 2160 1189 2241 concupiscentiae
1205 2169 1241 2224 et
1256 2181 1361 2243 appe·

238 2255 331 2318 titus.
375 2251 489 2335 Opera
511 2255 657 2316 muneris
679 2253 729 2316 sui
753 2263 890 2334 propter
905 2253 1090 2317 diversoria
1111 2253 1238 2318 faciunt
1250 2275 1258 2332 ;
1281 2266 1362 2321 sunt

238 2348 392 2413 homines
408 2348 548 2422 bestiae,
565 2347 708 2424 mortui;
731 2356 767 2411 et
782 2346 893 2411 officia
907 2357 986 2412 sunt
1002 2347 1067 2411 illis
1082 2349 1176 2412 oneri
1189 2369 1196 2426 ;
1220 2349 1362 2414 vicarios

238 2451 415 2526 quaerunt,
426 2443 482 2525 qui
493 2438 672 2506 functionis
685 2460 788 2523 opera
799 2441 945 2521 faciunt3
961 2441 1065 2506 modo
1076 2443 1224 2507 retinent
1236 2462 1361 2508 nomen

238 2545 274 2602 et
290 2535 460 2600 salarium.
505 2535 595 2600 Dum
612 2555 680 2598 non
702 2536 736 2598 in
752 2555 852 2617 supra
874 2537 1049 2600 recensitis
1065 2536 1255 2600 diversoriis
1270 2547 1361 2614 sunt,

238 2640 319 2694 sunt
347 2631 419 2694 otia
447 2639 483 2694 et
513 2630 690 2712 ignaviae;
710 2628 825 2711 jacent
855 2629 889 2693 in
918 2627 1009 2694 leito
1037 2630 1164 2711 absque
1186 2629 1361 2698 meditati-

239 2745 303 2790 one
326 2724 392 2789 alia
414 2743 514 2807 quarn
537 2724 708 2807 quomodo
730 2725 904 2787 inveniant
925 2725 1097 2788 consortia
1112 2723 1359 2802 confabulandi,

238 2818 371 2894 edendi,
385 2818 586 2900 bibendique
599 2837 720 2895 causa;
737 2827 815 2881 sunt
828 2817 963 2899 publica
975 2837 1087 2881 onera.
1133 2815 1261 2881 Omnes
1274 2819 1361 2884 tales

238 2923 317 2996 post
332 2921 480 2977 mortem
502 2911 718 2976 includuntur
732 2911 923 2993 ergastulis,
940 2912 995 2975 ubi
1018 2911 1080 2974 sub
1092 2910 1202 2993 judice
1218 2912 1361 2977 admini-

238 3017 384 3072 stratore
407 3015 496 3082 sunt,
514 3007 569 3089 qui
591 3005 657 3069 iliis
679 3005 830 3088 quotidie
852 3005 979 3069 indicat
997 3025 1100 3087 opera
1115 3026 1200 3089 quae
1223 3003 1339 3070 facturi
1351 3029 1359 3086 ;

238 3111 274 3166 et
289 3103 317 3165 si
333 3120 401 3165 non
417 3101 552 3175 faciunt,
566 3119 634 3164 non
647 3098 746 3164 datur
761 3099 826 3163 illis
839 3100 941 3178 cibus,
955 3119 1016 3164 nec
1029 3102 1144 3176 vestis,
1158 3119 1220 3164 nec
1238 3098 1359 3180 ledtus3

238 3205 275 3260 et
296 3195 361 3260 hoc
385 3215 490 3276 usque
521 3195 600 3257 dum
631 3194 674 3258 ad
705 3193 831 3277 aliquid
863 3194 945 3258 utile
976 3195 1146 3276 agendum
1169 3195 1360 3276 adiguntur.

239 3289 429 3354 Abundant
445 3288 574 3353 inferna
589 3287 713 3352 talibus
728 3287 918 3370 ergastulis,
935 3288 977 3351 de
994 3289 1112 3370 quibus
1127 3289 1161 3351 in
1183 3287 1249 3352 fine
1265 3288 1361 3370 hujus

238 3383 349 3465 operis
364 3381 498 3465 aliquid.
543 3381 609 3446 Illa
629 3381 802 3464 ergastula
824 3391 956 3464 putent,
974 3383 1132 3466 quoniam
1147 3384 1257 3446 omnis
1278 3384 1362 3447 odor

238 3487 355 3560 gratus
370 3486 424 3541 est
439 3497 484 3540 ex
500 3477 570 3541 vita
585 3478 707 3540 amoris
719 3475 910 3560 spiritualis,
923 3497 982 3540 seu
997 3497 1043 3540 ex
1055 3477 1125 3540 vita
1137 3478 1260 3540 amoris
1273 3497 1360 3540 usus.

302 3703 355 3768 De
371 3700 608 3786 conjunitione
623 3701 798 3766 charitatis
813 3712 849 3767 et
865 3701 942 3766 fidei
954 3699 1067 3766 aetum
1083 3712 1136 3766 est
1152 3703 1185 3766 in
1197 3702 1362 3767 Doiirina

239 3796 355 3862 Nereae
362 3797 613 3880 Hierosolymae
620 3797 661 3861 de
668 3795 753 3860 Fide
758 3819 774 3872 ‚·
790 3806 863 3862 tum
875 3797 908 3860 in
918 3795 1152 3878 Explicatione
1160 3807 1260 3878 super
1267 3796 1298 3860 A
1299 3806 1360 3877 po·

238 3892 389 3974 calypse'n
399 3913 415 3966 ,·
437 3901 475 3955 ut
490 3901 526 3956 et
549 3893 582 3954 in
607 3890 783 3972 Sapientia
797 3890 962 3974 angelica
976 3890 1017 3953 de
1029 3889 1161 3954 Divina
1174 3889 1361 3955 Prove'den-

239 3985 290 4050 tia
299 4008 316 4061 ,·
338 3996 374 4052 et
389 3987 424 4050 in
447 3985 625 4068 Sapientia
640 3985 804 4068 Angelica
825 3985 866 4050 de
884 3984 1013 4049 Divina
1034 3983 1160 4048 Amore
1180 3993 1211 4048 et
1231 3984 1362 4049 Divina

241 4079 427 4162 Sapientia.

305 4173 457 4256 Quorum
473 4174 586 4238 omnia
608 4173 651 4238 ad
674 4173 758 4237 haee
781 4173 849 4237 duo
871 4193 908 4237 se
930 4173 1096 4238 referunt:
1125 4187 1150 4234 1.
1167 4170 1269 4254 Quod
1292 4191 1360 4236 non

241 4267 340 4333 detur
348 4285 491 4351 granum
505 4267 581 4332 fidei
593 4267 773 4350 spiritualis
785 4267 912 4351 absque
922 4267 1099 4342 charitate,
1110 4267 1268 4350 quoniam
1280 4267 1361 4331 cha·

239 4363 321 4426 ritas
333 4371 386 4426 est
398 4363 478 4438 vita,
490 4363 601 4426 anima
613 4373 648 4426 et
660 4363 807 4426 essentia
819 4361 916 4440 fidei3
939 4377 969 4425 2.
986 4359 1087 4443 Quod
1100 4360 1206 4443 qualis
1218 4369 1270 4424 est
1283 4361 1362 4424 cha-

240 4457 322 4521 ritas
337 4455 415 4520 talis
431 4457 474 4520 sit
490 4454 593 4535 fides;
616 4465 651 4520 et
664 4457 754 4539 quod
770 4453 854 4520 fides
866 4476 950 4538 quae
963 4455 1135 4537 praecedit
1148 4454 1359 4529 charitatem,

240 4551 284 4616 sit
299 4547 384 4614 fides
399 4551 644 4634 cognitionum,
657 4571 743 4634 quae
758 4559 811 4615 est
827 4549 910 4615 fides
925 4549 1095 4625 historica,
1108 4549 1141 4612 in
1157 4567 1194 4612 se
1209 4549 1360 4612 scientia.
