3282 5294
673 691 723 744 ns
746 690 975 744 cnnnmnsn.
1184 681 1188 688 '
1344 692 1384 762 ¹9

496 857 521 914 d
547 858 620 917 uuor
635 861 721 916 denua
738 860 879 914 Humanum
895 859 921 914 in
938 861 1066 916 lntiuimo
1082 849 1163 915 censu
1179 861 1216 916 eit
1231 861 1383 930 proximus:

595 929 645 981 aad
669 927 868 980 virdumarum
877 927 1382 996 ntiuimporiu,ropnuotraapublicuc,

596 991 642 1062 qm·
668 992 779 1046 litatem
793 993 927 1061 proximus
938 994 1079 1047 mundum
1096 994 1188 1046 bouum
1200 993 1338 1072 ralipiouis,
1350 1008 1383 1048 uc

594 1059 735 1113 coeundum
748 1059 838 1112 ionum
851 1060 920 1127 quod
926 1063 1048 1128 praestat
1055 1059 1159 1128 patrica
1171 1064 1198 1113 ut
1207 1060 1264 1114 aibr.

267 1225 296 1322 l,
313 1266 385 1325 Quod
394 1267 570 1338 unuquisque
582 1268 659 1321 Homo
670 1267 707 1322 eii
714 1268 848 1336 proxr'muc
859 1268 1000 1322 secuudum
1011 1270 1087 1336 quale
1099 1269 1156 1337 ejus
1167 1267 1232 1322 dom.

329 1393 414 1460 Cum
429 1395 554 1458 bonum
570 1395 603 1457 in
618 1393 694 1458 idea
708 1393 870 1475 spirituali
886 1403 938 1458 est
961 1393 1144 1475 proximus,
1161 1402 1196 1457 et
1211 1393 1314 1458 homo
1330 1403 1381 1457 est

265 1485 450 1570 subjectum
466 1488 555 1564 boni,
572 1497 607 1551 et
630 1507 761 1570 quoque
784 1484 952 1568 objectum
974 1485 1044 1568 ejus
1067 1489 1122 1570 qui
1143 1487 1222 1551 iacit
1244 1488 1381 1560 bonurn,

264 1583 412 1665 sequitur
427 1581 518 1664 quod
532 1581 636 1646 homo
650 1581 683 1644 in
699 1581 842 1644 naturali
857 1581 933 1644 idea
947 1581 990 1644 sit
1007 1582 1190 1663 proximus.

328 1675 406 1739 Non
423 1685 475 1739 est
498 1695 582 1738 unus
597 1675 704 1756 magis
721 1675 894 1756 proximus
910 1694 1010 1757 quam
1033 1673 1130 1750 alter,
1147 1674 1258 1758 quoad
1274 1673 1382 1738 solam

265 1788 453 1850 personam,
470 1768 529 1832 sed
546 1769 656 1850 quoad
680 1768 806 1831 bonum
829 1789 874 1832 ex
890 1789 956 1851 quo
979 1768 1082 1833 homo
1104 1779 1157 1832 est
1179 1769 1281 1832 homo
1304 1767 1381 1832 talis

264 1871 322 1926 aut
345 1861 443 1940 talis;
466 1861 624 1946 quoniam
639 1871 692 1926 tot
716 1860 923 1926 differentiae
939 1863 1084 1943 proximi
1100 1872 1188 1938 sunt,
1205 1872 1288 1946 quot
1303 1873 1382 1928 sunt

266 1955 472 2020 differentiae
488 1956 587 2034 boni;
611 1965 646 2020 et
662 1955 870 2020 differentiae
886 1955 965 2020 boni
980 1965 1059 2020 sunt
1074 1955 1232 2020 infinitae.

327 2048 483 2114 Creditur
508 2049 599 2133 quod
625 2049 737 2124 frater,
768 2049 972 2132 propinquus
1001 2058 1036 2113 et
1066 2047 1174 2113 affinis
1199 2051 1243 2114 sit
1273 2053 1381 2134 magis

265 2143 438 2226 proximus
454 2162 553 2228 quam
569 2141 716 2222 alienus;
740 2153 775 2207 et
791 2142 881 2226 quod
900 2143 955 2225 qui
971 2153 1070 2206 natus
1086 2153 1138 2208 est
1154 2144 1187 2207 in
1203 2145 1322 2226 patria,
1337 2145 1381 2210 sit

264 2239 371 2322 magis
384 2238 558 2320 proximus
569 2256 670 2319 quam
682 2238 737 2320 qui
749 2247 847 2302 natus
860 2247 912 2302 est
925 2246 1025 2301 extra
1037 2238 1179 2320 patriam
1192 2258 1199 2316 ;
1218 2238 1279 2301 sed
1291 2239 1381 2321 quis-

263 2352 327 2415 que
343 2341 395 2396 est
411 2331 585 2413 proximus
605 2331 789 2395 secundum
811 2351 907 2394 suurn
922 2331 1058 2410 bonum,
1073 2331 1143 2395 sive
1166 2331 1210 2395 sit
1233 2331 1382 2397 Graecus

264 2427 334 2490 sive
351 2425 505 2490 Gentilis.

326 2519 503 2584 Proximus
518 2519 607 2582 enirn
619 2519 757 2602 quisque
773 2527 826 2582 est
841 2518 1025 2582 secundum
1038 2517 1238 2583 affinitatem
1254 2529 1289 2584 et
1306 2539 1382 2602 pro·

263 2613 486 2696 pinquitatem
513 2611 739 2694 spiritualem3
772 2611 838 2676 hoc
864 2611 969 2675 videri
995 2620 1110 2693 potest
1136 2631 1181 2676 ex
1211 2633 1263 2688 eo,
1290 2613 1381 2696 quod

262 2707 371 2770 omnis
393 2705 496 2770 homo
519 2715 596 2788 post
619 2715 764 2769 mortem
786 2705 900 2770 veniat
929 2706 1017 2770 inter
1046 2725 1134 2784 suos,
1156 2725 1232 2770 cum
1262 2708 1381 2790 quibus

262 2799 443 2864 consimilis
458 2809 510 2864 est
526 2799 637 2882 quoad
652 2800 788 2878 bonum,
800 2820 859 2864 seu
873 2799 963 2884 quod
979 2799 1068 2863 idem
1083 2800 1267 2864 secundum
1279 2800 1380 2866 affec·

262 2893 392 2972 tiones;
415 2894 517 2957 etiam
533 2891 715 2956 affinitates
731 2892 900 2957 naturales
916 2903 994 2974 post
1010 2903 1155 2958 mortem
1176 2905 1328 2976 pereunt,
1344 2905 1380 2960 et

261 2987 446 3052 succedunt
461 2985 643 3051 affinitates
659 2986 867 3068 spirituales3
891 2987 967 3069 quia
989 2988 1022 3050 in
1038 3007 1104 3050 una
1123 2988 1288 3052 societate
1304 3009 1380 3054 coe·

261 3080 338 3146 lesti
354 3082 531 3163 cognoscit
547 3100 631 3144 unus
646 3079 800 3156 alterurn,
817 3089 853 3145 et
875 3081 1112 3145 consociantur
1127 3082 1204 3164 quia
1226 3083 1258 3146 in
1281 3083 1380 3146 simili

261 3175 352 3239 bono
367 3185 456 3238 sunt.
502 3174 630 3238 Decem
645 3173 765 3238 iratres
780 3174 813 3237 in
835 3173 971 3249 mundo,
988 3175 1132 3256 quinque
1148 3185 1289 3257 possunt
1305 3197 1379 3240 esse

261 3269 294 3332 in
317 3268 457 3344 iniern0,
481 3278 516 3332 et
539 3269 683 3350 quinque
707 3267 739 3330 in
763 3266 871 3342 coelo,
894 3277 930 3350 et
953 3267 987 3331 hi
1016 3269 1161 3352 quinque
1184 3271 1217 3332 in
1240 3270 1379 3334 diversis

260 3363 499 3440 societatibus;
522 3362 669 3444 quicum
685 3361 891 3426 conveniunt
907 3380 974 3425 non
991 3363 1168 3443 cognoscit
1191 3383 1274 3428 unus
1290 3362 1378 3428 alte·

261 3476 353 3536 rum;
376 3465 455 3518 sunt
468 3456 570 3520 etiam
583 3474 700 3520 omnes
712 3456 745 3519 in
761 3455 844 3520 facie
859 3475 938 3519 suae
950 3453 1153 3520 affectiones.
1184 3456 1267 3520 Inde
1281 3467 1377 3540 patet

261 3550 351 3633 quod
366 3551 506 3633 quisque
521 3549 624 3614 homo
639 3549 682 3613 sit
699 3550 870 3630 proximus
886 3550 1070 3612 secundum
1086 3549 1184 3632 quale
1200 3551 1289 3614 boni.

324 3643 420 3707 Bona
434 3643 618 3707 secundum
629 3661 770 3725 quorum
785 3641 894 3725 quale,
907 3652 985 3706 sunt
997 3643 1157 3725 imprimis
1172 3644 1376 3726 spiritualia;

260 3738 406 3804 charitas
421 3734 553 3819 spediat
568 3736 651 3802 haec
668 3737 832 3819 primario.

260 3931 287 3984 2.
312 3929 510 3988 turicorum
521 3929 603 3984 minor
614 3933 642 3983 at
652 3930 734 3998 maior·
744 3929 924 3998 citpmrimue
934 3929 1077 3983 cocuntium
1089 3929 1181 3984 bonum
1194 3946 1260 3984 usus
1271 3933 1336 4000 ojus.

322 4060 442 4126 Omnis
464 4061 608 4126 societas
629 4061 662 4125 in
685 4081 790 4144 regno
812 4061 995 4126 instituitur
1017 4062 1199 4126 secundum
1218 4083 1305 4138 usus,
1322 4066 1377 4148 qui

260 4157 339 4220 varii
361 4165 448 4219 sunt.
493 4153 578 4220 Sunt
601 4155 781 4219 societates
803 4175 941 4238 quarum
965 4175 1047 4237 opus
1070 4165 1122 4220 est
1145 4157 1376 4221 administrare

260 4251 351 4314 varia
372 4249 490 4324 civilia,
514 4269 599 4332 quae
628 4259 706 4312 sunt
736 4247 942 4330 multiplicia,
965 4250 1056 4312 varia
1081 4249 1261 4330 judiciaria,
1285 4252 1377 4315 varia

260 4344 488 4418 oeconomica,
504 4344 595 4406 varia
616 4341 854 4417 ecclesiastica,
878 4353 915 4406 ut
938 4343 1147 4418 consistoria,
1170 4343 1374 4420 academiae,

261 4435 417 4514 scholae;
439 4445 517 4500 sunt
533 4437 746 4500 scientiarum
761 4438 952 4512 societates,
969 4456 1056 4519 quae
1071 4437 1174 4500 etiam
1190 4435 1310 4518 plures.

322 4527 443 4595 Omnis
465 4531 610 4594 societas
639 4549 706 4593 non
729 4530 827 4594 aliter
856 4539 970 4612 potest
1001 4528 1144 4612 speclari
1166 4547 1265 4612 quam
1288 4529 1375 4595 sicut

261 4621 362 4690 homo
377 4625 410 4688 in
427 4625 635 4706 composito;
658 4644 759 4707 quare
775 4623 831 4688 illa
846 4633 899 4690 est
919 4626 1092 4712 proximus
1114 4621 1296 4689 secundum
1312 4623 1373 4688 bo·
