3322 5298
713 724 765 776 DE
786 721 1073 776 REDEMPTIONE.
1413 722 1454 789 39

400 905 429 975 5.
460 889 562 976 Quod
577 891 652 956 finis
667 893 818 958 omnium
834 893 1066 956 tentationum
1081 890 1303 974 spiritualium
1319 891 1363 954 sit
1377 910 1452 972 per·

548 987 702 1052 domatio
724 987 805 1050 mali
827 997 863 1052 et
886 986 970 1062 salsi,
991 987 1039 1050 ita
1061 1006 1195 1069 quoque
1218 985 1356 1064 inlerni;
1379 995 1452 1049 tum

547 1080 646 1144 simul
659 1081 875 1163 perdomatio
886 1081 1021 1144 externi
1038 1079 1195 1156 hominis,
1209 1081 1242 1142 in
1252 1079 1347 1143 illum
1363 1080 1453 1143 enirn

548 1173 639 1239 mala
656 1183 692 1238 et
708 1173 792 1238 salsa
811 1195 855 1238 ex
875 1174 1005 1238 inferno
1023 1173 1175 1237 influunt.
1221 1173 1348 1256 Agitur
1363 1174 1452 1237 enim

549 1269 583 1331 in
599 1269 849 1333 tentationibus
868 1269 911 1333 de
934 1269 1085 1332 dominio
1104 1267 1184 1330 mali
1201 1267 1451 1350 superbonum,

547 1371 583 1426 et
612 1363 749 1426 externi
777 1363 924 1426 hominis
953 1383 1053 1446 super
1082 1363 1272 1441 internum;
1307 1383 1410 1444 quare
1434 1382 1453 1424 a

548 1455 641 1538 cujus
660 1467 757 1538 parte
775 1467 847 1520 stat
863 1454 1015 1532 victoria,
1031 1457 1076 1520 ab
1093 1455 1182 1520 illius
1203 1455 1329 1538 [parte]
1348 1457 1453 1520 etiam

548 1559 620 1614 stat
639 1552 839 1614 dominatio.
884 1551 974 1614 Dum
993 1553 1108 1634 itaque
1130 1572 1150 1614 a
1169 1561 1266 1633 parte
1285 1551 1365 1614 boni
1383 1561 1453 1614 stat

549 1642 700 1722 vidioria,
709 1646 835 1710 bonum
846 1655 993 1728 occupat
1005 1646 1191 1709 dominium
1204 1666 1304 1728 super
1315 1644 1452 1720 malum,

549 1748 585 1803 et
601 1759 735 1822 quoque
748 1739 901 1804 internus
919 1738 1024 1803 homo
1042 1759 1142 1822 super
1157 1749 1349 1804 externum.

401 1832 431 1897 6.
463 1830 565 1915 Quod
584 1833 750 1896 Dominus
768 1835 979 1897 tentationes
998 1833 1073 1897 illas
1092 1855 1112 1896 a
1131 1835 1273 1916 pueritia
1289 1854 1395 1916 usque
1410 1834 1453 1896 ad

550 1927 705 1992 ultimam
729 1929 819 1992 vitae
845 1948 925 1993 suae
948 1938 1099 1992 aetatem
1122 1949 1241 2011 passus
1263 1929 1320 2004 sit,
1344 1938 1380 1992 et
1407 1929 1453 1990 sic

550 2023 742 2086 successive
772 2022 901 2086 inferna
930 2021 1171 2105 subjugaverit,
1196 2032 1232 2087 et
1265 2023 1455 2086 successive

551 2115 748 2180 Humanum
758 2136 854 2180 suum
865 2115 1104 2199 glorificaverit
1117 2138 1124 2195 ;
1144 2126 1179 2180 et
1190 2117 1281 2200 quod
1291 2119 1324 2180 in
1337 2116 1455 2180 ultima

551 2211 745 2274 tentatione
761 2231 861 2292 super
873 2229 1019 2286 crucem,
1032 2231 1119 2294 quae
1137 2211 1198 2275 suit
1211 2211 1361 2274 omnium
1377 2230 1455 2292 gra·

549 2304 698 2380 vissima,
707 2304 807 2386 plene
817 2305 935 2368 vicerit
948 2305 1087 2381 inferna,
1098 2325 1138 2368 ac
1151 2305 1346 2368 Humanum
1360 2323 1455 2367 suum

553 2397 713 2461 Divinum
732 2399 858 2462 lecerit.

404 2507 433 2575 7.
466 2491 567 2574 Quod
591 2493 757 2556 Dominus
781 2495 984 2576 pugnaverit
1006 2513 1084 2558 cum
1106 2494 1242 2558 infernis
1265 2504 1301 2558 et
1324 2514 1457 2577 quoque

552 2597 673 2650 contra
703 2587 787 2650 lalsa
817 2598 852 2651 et
887 2588 977 2652 mala
1007 2587 1184 2652 Ecclesiae
1215 2589 1387 2669 Judaicae,
1419 2599 1456 2652 ut

551 2681 660 2764 ipsum
685 2681 845 2744 Divinum
862 2681 990 2746 Verum
1014 2703 1073 2746 seu
1089 2683 1252 2758 Verbum,
1269 2683 1360 2765 quod
1379 2683 1457 2764 Ipse

552 2775 631 2837 suit:
655 2785 691 2838 et
703 2775 793 2858 quod
806 2795 925 2858 passus
938 2777 982 2840 sit
994 2774 1038 2840 Se
1050 2776 1231 2859 reprobari,
1243 2776 1457 2840 contumeliis

552 2867 650 2942 affici,
674 2879 710 2932 et
734 2870 857 2945 necari,
877 2870 964 2934 sicut
991 2879 1072 2934 tunc
1100 2869 1246 2934 ecclesia
1272 2870 1351 2934 iecit
1380 2888 1457 2933 cum

553 2960 680 3026 Verbo.
720 2961 805 3027 Tale
822 2964 1066 3046 propemodum
1079 2961 1203 3027 sanum
1216 2973 1270 3028 est
1286 2983 1362 3027 cum
1380 2983 1456 3047 pro·

553 3056 677 3138 phetis,
694 3057 772 3140 quia
787 3067 1129 3138 repraesentaverunt
1147 3057 1329 3122 Dominum
1346 3059 1457 3142 quoad

556 3149 728 3229 Verbum;
759 3151 900 3234 proinde
924 3171 1000 3216 cum
1026 3152 1186 3228 Domino,
1213 3155 1269 3235 qui
1295 3153 1356 3217 suit
1381 3153 1458 3236 lpse

555 3243 736 3324 Propheta,
754 3246 831 3328 quia
853 3246 962 3328 ipsum
986 3245 1149 3310 Verbum.
1194 3245 1296 3328 Quod
1318 3249 1367 3311 ita
1390 3247 1458 3311 iac·

554 3348 627 3402 tum
643 3340 698 3414 sit,
715 3339 776 3402 luit
794 3341 982 3404 secundum
1002 3340 1161 3406 Divinum
1181 3341 1365 3405 ordinem*

407 3433 437 3498 8.
471 3431 572 3516 Quod
599 3434 714 3515 imago
736 3432 951 3498 vidioriarum
975 3435 1111 3498 Domini
1141 3456 1241 3518 super
1263 3437 1403 3512 inferna,
1423 3450 1458 3501 et

554 3525 812 3608 glorificationis
836 3527 985 3592 Humani
1009 3529 1128 3611 Ipsius,
1153 3549 1212 3611 per
1235 3533 1457 3604 tentationes,

554 3621 695 3684 sistatur
717 3622 751 3684 in
774 3623 1033 3704 regeneratione
1063 3623 1231 3701 hominis;
1266 3627 1345 3688 na‘m
1371 3627 1459 3690 sicut

556 3715 724 3778 Dominus
752 3714 946 3797 subjugavit
973 3716 1112 3790 inferna,
1131 3727 1167 3782 et
1195 3718 1354 3782 Divinum
1380 3719 1458 3784 lecit

556 3807 754 3871 Humanum
778 3829 885 3884 suum,
911 3811 960 3874 ita
989 3811 1079 3892 apud
1105 3811 1279 3875 hominem
1302 3812 1460 3895 subjugat

556 3901 625 3978 illa,
645 3911 681 3966 et
700 3901 780 3966 iacit
798 3923 875 3966 eum
892 3903 1113 3986 spiritualem,
1128 3915 1163 3970 et
1179 3907 1226 3969 sic
1243 3917 1434 3988 regenerat.

409 4012 439 4076 9.
471 3994 601 4060 Notum
620 4006 673 4060 est
692 3997 783 4078 quod
803 3997 969 4062 Dominus
987 3999 1107 4080 eripiat
1127 3999 1299 4063 hominem
1319 4021 1338 4063 a
1358 4001 1459 4065 saucl-

557 4091 619 4153 bus
638 4089 784 4166 Diaboli,
801 4091 867 4155 hoc
887 4102 952 4168 est,
969 4093 1097 4168 inferni,
1115 4113 1154 4156 ac
1174 4093 1286 4158 elevet
1305 4095 1398 4158 illum
1417 4097 1460 4158 ad

558 4181 602 4248 Se
624 4185 658 4247 in
681 4183 834 4262 caelum;
858 4195 893 4250 et
913 4186 1003 4268 quod
1026 4187 1091 4251 hoc
1115 4187 1216 4252 saciat
1238 4189 1328 4269 apud
1351 4188 1459 4252 homi·

557 4298 636 4342 nem
652 4299 712 4361 per
727 4277 966 4344 retrattionem
985 4301 1006 4344 a
1024 4281 1133 4358 malis,
1148 4303 1233 4365 quae
1252 4281 1290 4348 fit
1306 4303 1366 4366 per
1378 4303 1460 4348 con·

391 4473 408 4510 ⁸
426 4474 603 4534 [Auuorrrlsro
620 4482 639 4520 a
655 4474 883 4534 statuamus-1120¹
895 4475 1150 4535 repnmurtonrbus
1164 4483 1239 4524 suun
1250 4476 1364 4524 mesine
1378 4490 1395 4523 a
1407 4489 1462 4537 pro

346 4541 431 4600 piretia,
440 4547 464 4588 et
474 4553 571 4600 quoque
581 4542 613 4587 ab
624 4541 755 4596 Ezechiela
763 4543 794 4588 de
804 4555 854 4601 quo
861 4549 946 4600 quater
956 4543 1043 4590 dieitur
1051 4545 1224 4604 quod¹¹portet
1233 4543 1368 4603 uuqulures
1375 4545 1462 4592 domus
1492 4604 1496 4611 Ι

348 4607 503 4738 wid.
511 4608 715 4736 pafnutium
729 4608 808 4658 eloim
822 4609 853 4656 dt
863 4609 1009 4658 “Maximus
1022 4611 1164 4670 eropum·
1175 4611 1284 4659 vidntur
1298 4611 1419 4661 Deam
1434 4613 1462 4660 dr
