3352 5298
284 681 327 749 30
471 669 473 678 ⁴
608 683 660 734 ou
682 681 788 734 nova
811 682 1086 736 nmnosonvnra

807 1177 876 1263 uu
953 1125 955 1130 ’

374 1411 447 1487 DE
482 1411 814 1488 VOLUNTATE
849 1413 916 1487 ET
952 1413 1247 1489 INTELLECT
1250 1411 1298 1490 U.
1350 1481 1351 1486 ,

285 1743 495 2083 ςυΝΤ
521 1807 650 1873 homini
676 1809 775 1873 binae
801 1808 993 1884 facultates,
1022 1829 1108 1892 quae
1138 1809 1265 1873 faciunt
1291 1809 1399 1874 vitam

421 1902 513 1984 ejus;
540 1923 607 1966 una
629 1913 771 1967 vocatur
789 1901 974 1980 Voluntas,
994 1913 1030 1967 et
1053 1903 1163 1968 altera
1187 1899 1398 1966 Intellectus.

422 1997 508 2062 Illae
534 1997 624 2062 inter
646 2017 682 2060 se
709 1995 893 2062 distinctae
919 2007 1010 2073 sunt,
1035 1999 1096 2061 sed
1123 1999 1172 2060 ita
1197 2006 1335 2062 creatae
1362 2007 1399 2062 ut

424 2111 528 2156 unum
543 2093 623 2166 sint,
635 2101 670 2155 et
683 2111 759 2155 cum
773 2111 875 2154 unum
889 2103 968 2156 sunt
981 2103 1147 2156 vocantur
1160 2091 1259 2156 Mens
1271 2113 1279 2171 ;
1296 2112 1398 2174 quare

279 2209 376 2253 mens
394 2189 543 2252 humana
558 2186 637 2250 illae
655 2196 747 2262 sunt,
767 2197 803 2250 et
822 2189 933 2250 omnis
952 2188 1023 2250 vita
1042 2187 1189 2251 hominis
1207 2188 1262 2250 ibi.

339 2300 409 2366 29.
437 2283 532 2348 Sicut
548 2283 663 2345 omnia
678 2283 711 2345 in
730 2283 902 2356 universo,
921 2303 1008 2365 quae
1028 2283 1216 2346 secundum
1235 2282 1399 2346 Divinum

279 2378 433 2441 ordinem
457 2385 548 2450 sunt,
566 2395 603 2438 se
626 2374 775 2438 referunt
798 2376 841 2438 ad
865 2375 991 2438 bonum
1012 2385 1046 2439 et
1067 2395 1195 2452 verum,
1213 2377 1262 2438 ita
1284 2377 1400 2438 omnia

279 2471 368 2554 apud
388 2471 562 2534 hominem
579 2468 623 2532 ad
639 2467 856 2533 voluntatem
876 2479 911 2534 et
931 2467 1155 2544 intellectum,
1173 2490 1251 2533 nam
1271 2470 1398 2534 bonum

278 2567 368 2648 apud
385 2565 557 2628 hominem
574 2573 628 2627 est
645 2562 715 2645 ejus
728 2563 927 2638 voluntatis,
941 2575 976 2628 et
992 2583 1109 2628 verum
1125 2565 1215 2646 apud
1234 2563 1329 2627 illum
1344 2573 1398 2628 est

277 2659 349 2740 ejus
364 2655 580 2736 intellectum
609 2665 689 2721 sunt
712 2658 802 2720 enim
825 2658 891 2721 hae
914 2658 1015 2722 binae
1038 2658 1230 2733 facultates,
1251 2677 1310 2721 seu
1333 2658 1399 2723 hae

277 2755 377 2819 binae
387 2754 479 2818 vitae
491 2753 648 2828 hominis,
659 2752 878 2836 receptacula
891 2763 926 2816 et
939 2749 1091 2834 subjecta
1101 2752 1235 2817 illorum
1248 2773 1255 2830 ;
1275 2752 1398 2816 volun·

278 2859 332 2912 tas
351 2858 404 2912 est
421 2846 674 2930 receptaculum
695 2856 731 2910 et
749 2845 937 2928 subjectum
956 2849 1108 2910 omnium
1127 2848 1218 2922 boni,
1235 2866 1275 2910 ac
1294 2847 1397 2911 intel·

278 2940 386 3007 lectus
405 2953 458 3006 est
481 2941 736 3025 receptaculum
759 2951 796 3006 et
815 2939 1003 3022 subjectum
1023 2943 1174 3005 omnium
1192 2941 1282 3020 veri;
1306 2939 1399 3006 bona

277 3048 313 3104 et
336 3058 417 3102 vera
439 3037 528 3120 apud
551 3035 724 3100 hominem
749 3057 817 3100 non
844 3037 924 3102 alibi
950 3047 1049 3100 sunt:
1081 3046 1117 3100 et
1145 3037 1222 3120 quia
1247 3037 1339 3100 bona
1361 3047 1397 3100 et

277 3152 359 3196 vera
377 3132 467 3214 apud
485 3131 658 3194 hominem
679 3151 747 3195 non
771 3131 850 3194 alibi
873 3141 964 3208 sunt,
982 3133 1030 3194 ita
1053 3151 1116 3194 nec
1136 3151 1232 3194 amor
1253 3139 1289 3194 et
1312 3129 1398 3194 fides

277 3236 357 3290 sunt
380 3226 470 3302 alibi,
490 3225 650 3308 quoniam
673 3245 770 3290 amor
787 3236 841 3290 est
864 3226 945 3289 boni
968 3235 1004 3290 et
1027 3225 1154 3290 bonum
1178 3235 1232 3290 est
1256 3227 1395 3302 amoris,

277 3341 316 3386 ac
333 3320 417 3385 fides
433 3331 486 3385 est
499 3321 568 3384 veri
584 3339 623 3384 ac
640 3340 757 3385 verum
773 3331 827 3385 est
843 3319 930 3385 fidei.

335 3429 410 3496 3⁰.
436 3413 525 3494 Quia
540 3432 629 3477 nunc
642 3413 758 3476 omnia
775 3413 808 3476 in
821 3413 981 3476 universo
993 3433 1029 3476 se
1042 3413 1192 3478 referunt
1208 3414 1252 3477 ad
1268 3413 1397 3478 bonum

276 3515 313 3570 et
332 3517 460 3582 verum,
478 3525 518 3570 ac
542 3505 657 3568 omnia
679 3504 845 3570 ecclesiae
867 3505 912 3568 ad
934 3506 1061 3570 bonum
1078 3507 1202 3570 amoris
1226 3517 1261 3571 et
1280 3527 1396 3572 verum

277 3599 366 3675 fidei,
387 3610 423 3664 et
446 3599 524 3682 quia
546 3600 651 3662 homo
674 3609 728 3664 est
755 3598 860 3663 homo
885 3621 930 3663 ex
957 3599 1044 3663 binis
1072 3600 1139 3664 illis
1166 3601 1395 3678 facultatibus,

276 3695 354 3758 ideo
377 3695 421 3758 de
443 3693 510 3756 illis
533 3713 667 3776 quoque
689 3694 723 3756 in
747 3693 812 3757 hac
832 3689 996 3758 Doctrina
1019 3697 1153 3776 agitur3
1184 3695 1310 3778 alioqui
1333 3715 1395 3760 nec

276 3798 394 3872 posset
413 3784 576 3852 distincta
593 3787 671 3850 idea
689 3789 731 3851 de
750 3787 816 3851 illis
834 3789 879 3851 ab
897 3788 1035 3852 homine
1054 3788 1182 3864 haberi,
1202 3809 1241 3852 ac
1265 3789 1396 3854 fundari

275 3883 453 3966 cogitatio.
506 3899 510 3910 ·

334 3989 402 4058 31.
431 3973 606 4038 Voluntas
625 3984 661 4038 et
676 3973 874 4038 intellectus
892 3976 996 4040 etiam
1012 3975 1142 4040 faciunt
1160 3977 1315 4058 spiritum
1332 3977 1395 4040 ho·

276 4071 386 4146 minis,
404 4090 483 4134 nam
507 4070 577 4154 ejus
601 4073 770 4154 sapientia
789 4081 825 4136 et
843 4071 1075 4155 intelligentia
1093 4075 1127 4136 in
1146 4072 1213 4136 illis
1232 4074 1393 4150 resident,

275 4177 311 4230 et
327 4167 360 4228 in
380 4185 506 4247 genere
525 4165 596 4246 ejus
614 4167 706 4244 vita;
730 4186 852 4248 corpus
868 4177 922 4230 est
941 4167 1045 4231 modo
1063 4168 1270 4231 obedientia.

333 4272 402 4341 32.
431 4257 526 4320 Nihil
543 4259 653 4339 magis
665 4259 811 4322 interest
826 4260 914 4322 scire
925 4279 1027 4341 quam
1040 4261 1215 4342 quomodo
1233 4259 1396 4324 voluntas

274 4361 310 4416 et
330 4347 525 4415 intellectus
544 4369 645 4414 unam
662 4361 814 4415 mentem
833 4351 970 4416 iaciunt.
1016 4351 1161 4416 Faciunt
1181 4372 1281 4416 unam
1298 4371 1395 4417 men-

275 4455 347 4510 tem
367 4445 455 4508 sicut
474 4444 600 4508 bonum
620 4455 656 4508 et
674 4465 791 4509 verum
807 4446 935 4510 faciunt
955 4466 1077 4525 unum;
1105 4457 1157 4510 est
1177 4449 1267 4510 enim
1286 4447 1395 4512 simile

275 4539 469 4622 conjugium
488 4539 577 4603 inter
594 4539 810 4604 voluntatem
829 4549 865 4604 et
885 4538 1097 4604 intellectum
1113 4541 1213 4625 quale
1232 4551 1285 4606 est
1305 4544 1395 4606 inter

274 4633 401 4698 boum
424 4643 460 4698 et
479 4653 615 4698 verum:
641 4634 740 4718 quale
758 4635 792 4700 id
815 4633 1009 4719 conjugium
1027 4646 1092 4714 est,
1112 4646 1272 4702 constare
1292 4636 1395 4720 plene
