3322 5298
337 671 375 736 18
604 680 781 734 canonas
804 681 934 733 novas
956 681 1172 734 sccsssrsa.

394 867 424 934 7.
456 851 557 936 Quod
575 851 650 917 finis
669 851 727 918 ille
753 851 1057 917 universalissimus
1080 853 1125 917 sit
1147 851 1350 935 complexus
1370 871 1443 918 om·

543 947 634 1012 nium
650 945 765 1011 finium
780 957 816 1011 et
832 947 952 1011 horum
965 949 1241 1030 progressionum
1255 948 1287 1010 in
1301 957 1443 1030 utroque

542 1042 679 1116 mundo,
699 1040 865 1124 spirituali
883 1051 919 1104 et
939 1041 1096 1105 naturali.

394 1135 444 1200 *8.
476 1133 577 1219 Quod
596 1135 670 1199 finis
692 1135 751 1200 ille
768 1135 1071 1199 universalissimus
1090 1137 1134 1200 sit
1153 1135 1283 1211 intime,
1304 1145 1340 1200 et
1358 1135 1443 1200 sicut

542 1231 613 1294 vita
629 1239 664 1293 et
680 1230 803 1305 anima,
816 1230 867 1293 vis
882 1239 918 1294 et
934 1239 1088 1305 conatus,
1102 1231 1135 1292 in
1151 1231 1309 1294 omnibus
1324 1239 1360 1295 et
1376 1231 1442 1294 sin·

542 1323 631 1406 gulis
647 1325 781 1388 creatis.

395 1437 425 1501 9.
453 1415 555 1500 Quod
579 1417 657 1482 inde
675 1419 720 1480 sit
743 1437 853 1482 nexus
870 1426 1121 1481 concatenatus
1139 1418 1291 1481 omnium
1314 1418 1348 1481 in
1371 1417 1442 1481 uni·

542 1533 641 1576 verso
660 1520 787 1588 creato,
807 1531 828 1574 a
846 1511 960 1592 primis
978 1511 1022 1576 ad
1041 1511 1172 1587 ultima,
1192 1520 1229 1576 et
1250 1511 1295 1575 ab
1318 1511 1443 1576 ultimis

542 1607 586 1670 ad
605 1607 722 1688 prima.
1290 1601 1293 1607 '

378 1717 425 1766 10.
456 1699 556 1783 Quod
579 1721 625 1764 ex
647 1699 712 1763 hoc
739 1697 805 1763 fine
828 1699 930 1763 insito
953 1700 1087 1774 creatis,
1107 1700 1140 1763 in
1164 1699 1335 1764 communi
1358 1707 1393 1764 et
1411 1699 1443 1763 in

542 1803 650 1877 parte,
670 1795 714 1857 sit
732 1795 947 1858 conservatio
966 1795 1120 1858 universi.

335 1989 444 2028 aum.

401 2107 425 2154 1.
457 2090 558 2172 Quod
577 2109 673 2156 amor
691 2091 735 2155 sit
753 2087 946 2174 conjunctio
965 2089 1157 2174 spiritualis.

397 2201 426 2249 2.
457 2183 559 2266 Quod
585 2205 683 2249 verus
710 2203 805 2248 amor
831 2204 899 2247 non
929 2185 1037 2268 possit
1063 2187 1237 2267 quiescere
1266 2185 1300 2248 in
1330 2204 1379 2260 se,
1406 2203 1445 2249 ac

543 2279 633 2342 intra
659 2279 783 2361 proprii
808 2277 934 2342 limites
960 2279 1129 2355 coerceri;
1161 2279 1222 2342 sed
1246 2278 1338 2361 quod
1363 2277 1444 2342 velit

543 2374 649 2448 exire,
663 2382 698 2436 et
714 2371 799 2435 alios
814 2391 930 2436 amore
948 2369 1141 2454 complesti.

397 2484 425 2550 3.
458 2465 560 2550 Quod
583 2487 681 2530 verus
699 2485 795 2529 amor
813 2466 896 2529 velit
916 2465 1076 2548 conjungi
1093 2466 1179 2544 aliis,
1199 2487 1239 2531 ac
1262 2467 1329 2531 illis
1351 2485 1445 2533 com·

545 2561 715 2624 municare
734 2569 769 2625 et
789 2561 869 2624 dare
888 2579 958 2624 sua.

395 2675 426 2736 4.
457 2653 559 2738 Quod
577 2675 676 2719 verus
695 2675 790 2719 amor
808 2653 891 2720 velit
910 2655 1066 2720 habitare
1083 2655 1117 2720 in
1137 2653 1221 2732 aliis,
1238 2664 1274 2720 et
1292 2656 1327 2720 in
1346 2677 1383 2720 se
1401 2675 1445 2722 ex

544 2749 628 2814 aliis.

399 2859 426 2926 5.
457 2842 559 2926 Quod
587 2843 728 2908 Divinus
755 2843 875 2920 Amor,
899 2845 955 2927 qui
982 2853 1036 2908 est
1066 2843 1137 2926 ipse
1164 2841 1276 2908 Amor
1304 2852 1340 2909 et
1370 2843 1445 2928 lpse

544 2937 648 3013 Deus,
664 2937 748 3001 velit
767 2949 804 3001 ut
819 2939 863 3002 sit
881 2939 915 3001 in
932 2935 1084 3019 subjecto
1099 2938 1190 3021 quod
1207 2948 1261 3002 est
1280 2939 1395 3020 imago
1410 2947 1445 3001 et

543 3031 730 3096 similitudo
753 3033 875 3115 ipsius;
899 3042 1158 3115 consequenter,
1182 3032 1273 3115 quod
1298 3032 1383 3096 velit
1409 3040 1445 3096 ut

543 3128 588 3191 sit
607 3127 641 3190 in
657 3126 804 3202 homine,
822 3135 857 3190 et
875 3125 980 3190 homo
995 3128 1029 3190 in
1046 3127 1130 3210 ipso.

396 3222 426 3285 6.
457 3219 508 3286 Ut
527 3221 592 3285 hoc
609 3219 680 3296 fiat,
697 3221 848 3302 sequitur
863 3241 908 3284 ex
927 3221 1001 3303 ipsa
1016 3221 1166 3286 essentia
1182 3219 1321 3284 Amoris
1340 3219 1445 3303 quiin

543 3316 620 3380 Deo
638 3325 702 3392 est,
719 3325 754 3380 et
773 3316 852 3379 inde
870 3337 915 3378 ex
934 3325 1078 3397 urgente
1094 3335 1207 3392 causa,
1224 3316 1316 3398 quod
1334 3336 1354 3379 a
1372 3315 1446 3379 Deo

543 3411 734 3474 universum
761 3409 944 3498 creandum
966 3409 1022 3484 sit,
1046 3409 1080 3471 in
1103 3429 1171 3492 quo
1198 3409 1266 3472 sint
1295 3409 1444 3484 tellures,

544 3515 580 3569 et
603 3525 704 3587 super
717 3505 835 3586 quibus
854 3503 1020 3579 homines,
1033 3523 1073 3567 ac
1089 3505 1123 3566 in
1142 3503 1333 3567 hominibus
1352 3523 1445 3566 men·

543 3609 597 3663 tes
615 3608 651 3663 et
670 3601 813 3675 animae,
833 3617 910 3662 cum
931 3597 1050 3680 quibus
1068 3596 1178 3660 Amor
1200 3597 1342 3662 Divinus
1366 3617 1444 3662 con·

540 3692 636 3775 jungi
652 3701 780 3776 potest.

396 3804 426 3870 7.
458 3787 559 3870 Quod
582 3789 659 3851 ideo
681 3788 795 3851 omnia
813 3807 899 3871 quae
918 3796 1033 3852 creata
1052 3796 1132 3852 sunt
1156 3783 1315 3870 spectent
1337 3785 1445 3852 homi·

545 3901 622 3945 nem
642 3891 679 3945 ut
697 3879 810 3946 finem.

393 3979 421 4041 8.
454 3975 542 4059 Quia
560 3976 692 4040 caelum
710 3975 903 4060 angelicum
922 3977 1086 4040 formatur
1109 3997 1155 4040 ex
1178 3975 1383 4052 hominibus,
1402 3995 1444 4040 ex

543 4071 677 4134 illorum
693 4071 864 4153 spiritibus
880 4080 915 4134 et
932 4071 1120 4146 animabus,
1132 4071 1223 4152 quod
1236 4071 1350 4133 omnia
1362 4090 1445 4153 quae

543 4174 658 4229 creata
670 4174 749 4227 sunt
763 4161 919 4246 spetlent
932 4163 1064 4228 caelum
1078 4163 1270 4246 angelicum
1284 4173 1321 4227 ut
1336 4162 1445 4227 finem.

395 4279 425 4342 9.
458 4259 559 4342 Quod
578 4257 710 4322 caelum
726 4259 918 4340 angelicum
938 4259 982 4321 sit
1001 4258 1111 4340 ipsum
1131 4257 1363 4321 habitaculum
1384 4257 1446 4320 Dei

543 4373 620 4417 cum
638 4351 841 4428 hominibus,
859 4361 895 4416 et
913 4351 1087 4416 hominum
1107 4371 1183 4416 cum
1201 4351 1286 4416 Deo.

376 4572 392 4607 ⁸
411 4572 452 4633 [ln
467 4572 623 4632 autographo,
639 4577 686 4618 tra
700 4570 841 4630 paragraphi
856 4583 921 4617 nunc
935 4576 1061 4630 soquentes
1075 4571 1138 4617 linea
1153 4577 1285 4618 oannem
1299 4572 1332 4619 ab
1346 4571 1445 4619 auclore

331 4647 386 4689 runt
396 4641 475 4690 delen
505 4641 545 4688 Sic
555 4639 611 4688 dicit
621 4639 969 4689 Nordenskoln-Contemtur
978 4637 1091 4686 articulus
1100 4639 1255 4698 subsequens,
1265 4653 1289 4688 n.
1302 4653 1338 4695 ιι,
1348 4654 1374 4701 p
1384 4640 1430 4701 ap]
