3338 5300
516 732 719 786 INVITATIO
741 734 794 785 AD
817 733 954 787 NOVAM
976 733 1200 788 ECCLESIAM.
1371 739 1410 805 91

295 915 351 972 est
361 905 525 982 Verbum,
538 917 574 970 et
586 915 639 970 est
654 905 727 989 ipsa
739 905 817 970 Lux
829 926 915 989 quae
928 905 1095 972 illuminat
1108 917 1220 972 toturn
1232 909 1393 974 mundum
1407 933 1414 988 ;

296 1011 332 1066 et
350 1010 466 1066 tamen
484 1000 691 1084 impossibile
710 1011 762 1064 est
782 1021 827 1064 ex
843 1000 961 1064 Verbo
980 1001 1093 1066 videre
1112 1023 1213 1066 unum
1232 1005 1414 1086 genuinum

295 1115 410 1160 verum
430 1095 493 1158 nisi
511 1093 602 1177 quod
622 1095 895 1160 circumobsitum
913 1105 950 1160 et
968 1097 1179 1179 inquinatum
1198 1108 1251 1163 est
1270 1098 1361 1162 salsis
1380 1109 1415 1164 et

296 1190 482 1256 cohaerens
508 1209 585 1252 cum
609 1189 711 1264 salsis,
735 1191 821 1253 sicut
844 1200 897 1254 est
921 1193 1081 1274 navigare
1103 1192 1146 1255 ad
1174 1192 1337 1268 Pleiades,
1357 1204 1415 1258 aut

295 1303 410 1348 aurum
440 1303 465 1346 s.
496 1283 587 1366 quod
619 1283 654 1348 io
682 1293 802 1348 centro
831 1293 942 1348 terrae
972 1295 1026 1350 est
1055 1307 1195 1350 eruere:
1233 1307 1347 1370 quare,
1378 1299 1415 1352 ut

294 1399 375 1443 vera
397 1377 591 1442 Christiana
611 1376 730 1460 religio
752 1381 947 1461 aperiretur,
971 1400 1040 1444 non
1063 1383 1174 1463 potuit
1198 1382 1296 1446 aliter
1314 1403 1414 1466 quam

295 1483 331 1536 ut
354 1474 428 1556 quis
452 1474 486 1535 in
510 1473 673 1536 mundum
694 1473 903 1555 spiritualem
926 1475 1206 1552 introduceretur,
1230 1486 1265 1540 et
1288 1499 1333 1541 ex
1357 1498 1416 1542 ore

295 1565 433 1631 Domini
459 1567 608 1631 hauriret
634 1568 782 1649 genuina
804 1589 884 1631 vera
906 1589 951 1632 ex
975 1568 1101 1634 Verbo.
1158 1571 1323 1634 Dominus
1346 1591 1414 1635 non

296 1671 412 1744 potest
431 1661 576 1744 aliquem
596 1661 722 1726 lumine
740 1682 801 1725 suo
819 1662 997 1740 illustrare,
1017 1664 1079 1728 nisi
1099 1664 1294 1730 immediate
1312 1667 1415 1730 adea-

295 1763 360 1832 tur,
380 1765 416 1820 et
434 1776 496 1838 pro
515 1756 591 1820 Deo
610 1755 694 1820 caeli
713 1767 930 1839 agnoscatur.

360 1936 443 2022 (39)
475 1937 577 2020 Quod
593 1937 753 2002 miracula
769 1939 870 2004 hodie
886 1959 954 2004 non
973 1939 1067 2017 fiant,
1083 1950 1223 2024 propter
1238 1963 1357 2006 causas
1372 1943 1415 2008 de

295 2031 413 2115 quibus
432 2033 466 2095 in
491 2032 578 2097 Vera
599 2031 799 2099 Christiana
817 2034 989 2116 Relrgrbne
1008 2033 1055 2118 [n.
1076 2035 1173 2119 501];
1196 2057 1299 2120 quare
1317 2033 1416 2102 1¹¹D0·

295 2127 404 2190 minus
429 2126 567 2211 (Marta.
591 2130 686 2191 xxiv.
704 2128 759 2211 24)
785 2130 867 2192 dicit
890 2130 980 2212 quod
1003 2128 1183 2195 seductura
1205 2134 1282 2195 sint.
1327 2133 1415 2196 Tum

294 2222 374 2306 quid
401 2223 612 2287 communius
634 2224 724 2304 apud
752 2223 1126 2290 Romano-Catholicos
1149 2247 1249 2309 quam
1275 2227 1415 2310 implere

295 2327 516 2382 monumenta
526 2315 730 2393 sanctorum,
741 2329 777 2382 et
789 2320 934 2402 parietes
946 2321 1226 2384 monasteriorum
1237 2322 1415 2396 miraculis,

294 2421 379 2494 quot
392 2431 460 2475 non
476 2411 621 2476 laminae
633 2432 755 2476 aureae
767 2423 803 2478 et
819 2422 1004 2494 argenteae
1020 2415 1054 2478 in
1066 2426 1288 2479 monumento
1301 2415 1415 2480 Anto·

295 2505 341 2570 nii
356 2506 512 2570 Paduae?
557 2505 646 2588 Quid
662 2527 730 2570 non
747 2508 802 2572 ubi
817 2516 887 2572 tres
904 2506 1083 2590 Sapientes
1098 2509 1256 2574 dicuntur
1269 2511 1415 2594 sepulti?

297 2598 391 2684 [quid
408 2601 492 2685 non]
511 2601 662 2683 Pragae?
685 2603 765 2685 quid
781 2621 849 2666 non
865 2602 967 2666 alibi?
1008 2602 1098 2686 Quid
1114 2605 1192 2668 inde
1207 2604 1298 2670 aliud
1314 2625 1414 2690 quarn

295 2694 487 2760 elusiones?
530 2691 628 2760 ¹¹¹Tot
650 2696 716 2760 illis
739 2697 907 2762 miraculis
929 2696 1004 2780 plus
1027 2707 1090 2774 est,
1115 2700 1206 2782 quod
1232 2701 1266 2764 in
1290 2701 1417 2764 mundo

294 2790 458 2874 spirituali
481 2789 600 2874 loquor
618 2811 695 2856 curn
714 2791 845 2874 angelis
863 2801 899 2856 et
918 2793 1098 2875 spiritibus,
1118 2794 1209 2876 quod
1228 2795 1414 2877 descripse-

294 2903 366 2948 ram
382 2893 494 2950 status
509 2886 594 2950 caeli
609 2896 645 2950 et
663 2885 792 2962 inferni,
809 2895 844 2950 et
860 2888 951 2950 vitae
967 2897 1046 2970 post
1061 2899 1218 2964 mortem,
1235 2900 1308 2954 tum
1324 2890 1415 2972 quod

295 2980 376 3044 mihi
404 2990 541 3063 apertus
566 2981 610 3045 sit
638 3001 756 3046 sensus
783 2982 965 3064 spiritualis
992 2981 1109 3058 Verbi,
1137 2995 1271 3066 praeter
1299 2984 1413 3067 plura:

295 3073 359 3140 hoc
376 3076 615 3140 commercium
632 3075 715 3140 nulli
732 3077 834 3159 prius,
851 3087 1016 3160 quantum
1032 3079 1114 3154 scio,
1131 3099 1151 3142 a
1170 3079 1319 3143 Domino
1335 3099 1416 3144 con·

295 3189 428 3236 cessum
447 3169 507 3234 luit
520 3171 697 3235 :-indicia
715 3173 805 3254 quod
829 3173 893 3236 hoc
915 3183 1054 3256 propter
1071 3193 1195 3240 novam
1214 3173 1416 3251 Ecclesiam,

296 3285 383 3348 quae
401 3285 528 3330 corona
545 3275 599 3330 est
617 3267 766 3330 omnium
785 3266 1027 3344 Ecclesiarum,
1047 3277 1082 3332 et
1101 3289 1187 3350 quae
1206 3268 1366 3332 duratura
1384 3269 1418 3332 in

295 3359 628 3442 aeternum—Quod
645 3382 719 3425 esse
738 3362 772 3426 in
791 3362 917 3426 mundo
933 3363 1107 3445 spirituali,
1125 3364 1238 3427 videre
1255 3364 1419 3428 mirabilia

295 3454 391 3532 caeli,
405 3465 440 3520 et
456 3456 646 3520 miseranda
662 3457 791 3532 inferni,
809 3467 844 3522 et
860 3457 905 3522 ibi
921 3458 954 3520 in
970 3459 1043 3541 ipsa
1058 3459 1133 3522 luce
1149 3458 1287 3524 Domini
1302 3461 1336 3522 in
1351 3479 1418 3544 qua

296 3561 374 3615 sunt
390 3550 514 3632 angeli,
531 3561 684 3634 praestat
700 3553 855 3616 omnibus
875 3553 1053 3617 miraculis.
1098 3553 1312 3618 Testimonia
1327 3554 1418 3639 quod

295 3645 341 3710 ibi
358 3647 433 3722 sim,
453 3647 631 3710 videantur
650 3646 683 3709 in
702 3647 799 3729 copia
817 3647 851 3710 in
871 3647 963 3711 libris
982 3649 1075 3712 meis.

361 3831 442 3916 (40.)
475 3831 576 3916 Quod
593 3833 749 3898 Ecclesia
763 3855 800 3898 se
815 3836 849 3899 in
862 3837 968 3900 tantis
980 3835 1071 3900 salsis
1083 3837 1285 3902 immerserit
1297 3847 1334 3902 ut
1350 3857 1418 3902 non

295 3928 431 4012 aliquod
445 3949 560 3993 verum
577 3941 749 4012 superstes
764 3932 819 4006 sit,
833 3941 868 3994 et
884 3931 975 4013 quod
991 3933 1035 3995 sit
1050 3933 1137 3996 sicut
1151 3934 1245 3996 navis
1258 3933 1418 4016 naufraga

296 4023 387 4105 cujus
410 4024 490 4087 mali
517 4027 694 4088 summitas
716 4025 827 4088 solum
850 4035 980 4100 exstat,
1004 4037 1057 4090 est
1086 4029 1184 4092 unica
1207 4047 1318 4103 causa,
1342 4029 1418 4111 quia

296 4115 460 4182 hactenus
476 4139 543 4182 non
559 4120 737 4184 adiverunt
754 4119 937 4184 Dominum
953 4121 1169 4200 immediate;
1193 4131 1321 4186 etcum
1341 4123 1418 4206 Ipse

296 4231 365 4276 non
383 4214 579 4278 immediate
595 4216 716 4290 aditur,
734 4235 801 4278 non
822 4223 938 4298 potest
954 4216 1059 4279 ullum
1076 4235 1192 4279 verum
1212 4217 1245 4280 in
1264 4237 1325 4280 sua
1343 4217 1418 4282 luce

295 4327 479 4390 apparere:
511 4320 687 4373 causaest
710 4311 787 4392 quia
814 4311 979 4374 Dominus
1001 4321 1055 4374 est
1078 4310 1242 4386 Verbum,
1265 4311 1330 4376 hoc
1353 4323 1417 4387 est,

295 4421 397 4466 omne
424 4403 584 4467 Divinum
608 4403 736 4469 Verum
763 4407 797 4469 in
821 4404 948 4480 Verbo,
972 4415 1007 4470 et
1035 4406 1127 4470 solus
1150 4417 1203 4470 est
1231 4406 1309 4470 Lux
1332 4427 1418 4490 quae

295 4495 463 4562 illuminat
479 4517 608 4574 omnes,
625 4509 663 4564 ut
682 4499 759 4583 Ipse
776 4501 898 4578 docet;
922 4511 957 4564 et
974 4519 1076 4565 omne
1092 4519 1208 4564 verum
1224 4501 1330 4566 Verbi
1349 4521 1417 4565 non

295 4590 387 4656 lucet
406 4593 539 4657 aliunde
558 4613 658 4676 quarn
679 4613 700 4658 a
721 4595 797 4658 solo
820 4595 977 4660 Domino.
1023 4595 1087 4659 Illa
1110 4595 1169 4658 lux
1188 4606 1241 4660 est
1261 4616 1346 4679 quae
1365 4597 1415 4660 in-

296 4685 460 4770 telligitur
483 4707 542 4771 per
559 4689 752 4772 spirituale;
776 4711 878 4774 quare
899 4709 976 4755 cum
998 4689 1057 4755 illa
1080 4690 1139 4755 lux
1162 4710 1231 4756 non
1255 4687 1330 4756 Villi
1349 4703 1414 4768 est,
