<?xml version="1.0" encoding="UTF-8"?>
<!DOCTYPE html PUBLIC "-//W3C//DTD XHTML 1.0 Transitional//EN"
    "http://www.w3.org/TR/xhtml1/DTD/xhtml1-transitional.dtd">
<html xmlns="http://www.w3.org/1999/xhtml" xml:lang="en" lang="en">
 <head>
  <title>
</title>
<meta http-equiv="Content-Type" content="text/html;charset=utf-8" />
  <meta name='ocr-system' content='tesseract 3.04.00' />
  <meta name='ocr-capabilities' content='ocr_page ocr_carea ocr_par ocr_line ocrx_word'/>
</head>
<body>
  <div class='ocr_page' id='page_1' title='image "./denovahierosoly00swedgoog_0488.png"; bbox 0 0 3338 5300; ppageno 0'>
   <div class='ocr_carea' id='block_1_1' title="bbox 472 615 1365 695">
    <p class='ocr_par' dir='ltr' id='par_1_1' title="bbox 472 615 1365 695">
     <span class='ocr_line' id='line_1_1' title="bbox 472 615 1365 695; baseline 0.007 -23"><span class='ocrx_word' id='word_1_1' title='bbox 472 622 673 674; x_wconf 71' lang='lat' dir='ltr'>invnxmo</span> <span class='ocrx_word' id='word_1_2' title='bbox 696 623 749 674; x_wconf 78' lang='lat' dir='ltr'>xo</span> <span class='ocrx_word' id='word_1_3' title='bbox 772 622 908 674; x_wconf 79' lang='lat' dir='ltr'>uovxu</span> <span class='ocrx_word' id='word_1_4' title='bbox 932 623 1154 676; x_wconf 75' lang='lat' dir='ltr'>accuasmn.</span> <span class='ocrx_word' id='word_1_5' title='bbox 1327 615 1365 695; x_wconf 82' lang='lat'>85</span> 
     </span>
    </p>
   </div>
   <div class='ocr_carea' id='block_1_2' title="bbox 253 789 1369 1064">
    <p class='ocr_par' dir='ltr' id='par_1_2' title="bbox 253 789 1369 1064">
     <span class='ocr_line' id='line_1_2' title="bbox 253 789 1368 878; baseline 0.004 -22"><span class='ocrx_word' id='word_1_6' title='bbox 253 793 370 858; x_wconf 86' lang='lat' dir='ltr'>ordine</span> <span class='ocrx_word' id='word_1_7' title='bbox 386 814 453 877; x_wconf 93' lang='lat' dir='ltr'>quo</span> <span class='ocrx_word' id='word_1_8' title='bbox 469 789 621 869; x_wconf 80' lang='lat' dir='ltr'>¹¹¹influit;</span> <span class='ocrx_word' id='word_1_9' title='bbox 645 812 768 876; x_wconf 87' lang='lat' dir='ltr'>nempe</span> <span class='ocrx_word' id='word_1_10' title='bbox 785 793 971 876; x_wconf 84' lang='lat' dir='ltr'>spiritualia</span> <span class='ocrx_word' id='word_1_11' title='bbox 987 815 1046 876; x_wconf 90' lang='lat' dir='ltr'>per</span> <span class='ocrx_word' id='word_1_12' title='bbox 1063 794 1196 858; x_wconf 89' lang='lat' dir='ltr'>caelum</span> <span class='ocrx_word' id='word_1_13' title='bbox 1216 815 1317 878; x_wconf 90' lang='lat' dir='ltr'>supra</span> <span class='ocrx_word' id='word_1_14' title='bbox 1333 797 1368 860; x_wconf 94' lang='lat' dir='ltr'>in</span> 
     </span>
     <span class='ocr_line' id='line_1_3' title="bbox 253 885 1369 969; baseline 0.002 -17"><span class='ocrx_word' id='word_1_15' title='bbox 253 898 380 963; x_wconf 91' lang='lat' dir='ltr'>mente,</span> <span class='ocrx_word' id='word_1_16' title='bbox 400 908 439 951; x_wconf 89' lang='lat' dir='ltr'>ac</span> <span class='ocrx_word' id='word_1_17' title='bbox 464 885 630 951; x_wconf 88' lang='lat' dir='ltr'>naturalia</span> <span class='ocrx_word' id='word_1_18' title='bbox 657 908 716 969; x_wconf 91' lang='lat' dir='ltr'>per</span> <span class='ocrx_word' id='word_1_19' title='bbox 742 887 904 952; x_wconf 92' lang='lat' dir='ltr'>mundum</span> <span class='ocrx_word' id='word_1_20' title='bbox 930 888 1024 952; x_wconf 89' lang='lat' dir='ltr'>insra.</span> <span class='ocrx_word' id='word_1_21' title='bbox 1070 888 1136 952; x_wconf 93' lang='lat' dir='ltr'>Hic</span> <span class='ocrx_word' id='word_1_22' title='bbox 1163 889 1267 953; x_wconf 94' lang='lat' dir='ltr'>homo</span> <span class='ocrx_word' id='word_1_23' title='bbox 1297 899 1369 954; x_wconf 89' lang='lat' dir='ltr'>stat</span> 
     </span>
     <span class='ocr_line' id='line_1_4' title="bbox 253 978 1185 1064; baseline 0.002 -19"><span class='ocrx_word' id='word_1_24' title='bbox 253 978 384 1046; x_wconf 65' lang='lat' dir='ltr'>erectus</span> <span class='ocrx_word' id='word_1_25' title='bbox 403 1001 503 1064; x_wconf 87' lang='lat' dir='ltr'>super</span> <span class='ocrx_word' id='word_1_26' title='bbox 521 981 683 1064; x_wconf 86' lang='lat' dir='ltr'>pedibus;</span> <span class='ocrx_word' id='word_1_27' title='bbox 705 979 762 1044; x_wconf 93' lang='lat' dir='ltr'>ille</span> <span class='ocrx_word' id='word_1_28' title='bbox 781 991 896 1046; x_wconf 90' lang='lat' dir='ltr'>autem</span> <span class='ocrx_word' id='word_1_29' title='bbox 916 983 1003 1046; x_wconf 89' lang='lat' dir='ltr'>sicut</span> <span class='ocrx_word' id='word_1_30' title='bbox 1023 983 1185 1047; x_wconf 90' lang='lat' dir='ltr'>inversus.</span> 
     </span>
    </p>
   </div>
   <div class='ocr_carea' id='block_1_3' title="bbox 254 1177 1376 2582">
    <p class='ocr_par' dir='ltr' id='par_1_3' title="bbox 254 1177 1376 2582">
     <span class='ocr_line' id='line_1_5' title="bbox 319 1177 1371 1263; baseline 0.002 -21"><span class='ocrx_word' id='word_1_31' title='bbox 319 1177 400 1263; x_wconf 85' lang='lat'><em>(21.)</em></span> <span class='ocrx_word' id='word_1_32' title='bbox 433 1177 534 1262; x_wconf 85' lang='lat' dir='ltr'>Quod</span> <span class='ocrx_word' id='word_1_33' title='bbox 554 1179 710 1243; x_wconf 88' lang='lat' dir='ltr'>universa</span> <span class='ocrx_word' id='word_1_34' title='bbox 727 1177 904 1261; x_wconf 87' lang='lat' dir='ltr'>theologia</span> <span class='ocrx_word' id='word_1_35' title='bbox 922 1179 1086 1244; x_wconf 89' lang='lat' dir='ltr'>hodierna</span> <span class='ocrx_word' id='word_1_36' title='bbox 1102 1178 1197 1244; x_wconf 67' lang='lat' dir='ltr'>&#39;&#39;lnon</span> <span class='ocrx_word' id='word_1_37' title='bbox 1217 1181 1308 1244; x_wconf 92' lang='lat' dir='ltr'>aliud</span> <span class='ocrx_word' id='word_1_38' title='bbox 1326 1182 1371 1245; x_wconf 88' lang='lat' dir='ltr'>sit</span> 
     </span>
     <span class='ocr_line' id='line_1_6' title="bbox 254 1270 1371 1358; baseline 0.002 -22"><span class='ocrx_word' id='word_1_39' title='bbox 254 1293 355 1357; x_wconf 87' lang='lat' dir='ltr'>quam</span> <span class='ocrx_word' id='word_1_40' title='bbox 374 1275 626 1354; x_wconf 86' lang='lat' dir='ltr'>omnipotentia</span> <span class='ocrx_word' id='word_1_41' title='bbox 645 1273 777 1336; x_wconf 91' lang='lat' dir='ltr'>Divina.</span> <span class='ocrx_word' id='word_1_42' title='bbox 822 1270 992 1350; x_wconf 79' lang='lat' dir='ltr'>¹¹¹Dicitur,</span> <span class='ocrx_word' id='word_1_43' title='bbox 1021 1291 1046 1337; x_wconf 91' lang='lat'>1.</span> <span class='ocrx_word' id='word_1_44' title='bbox 1071 1274 1172 1358; x_wconf 84' lang='lat' dir='ltr'>Quod</span> <span class='ocrx_word' id='word_1_45' title='bbox 1191 1275 1251 1340; x_wconf 87' lang='lat' dir='ltr'>det</span> <span class='ocrx_word' id='word_1_46' title='bbox 1270 1275 1371 1339; x_wconf 86' lang='lat' dir='ltr'>tidem</span> 
     </span>
     <span class='ocr_line' id='line_1_7' title="bbox 255 1365 1372 1452; baseline 0.002 -22"><span class='ocrx_word' id='word_1_47' title='bbox 255 1367 309 1430; x_wconf 92' lang='lat' dir='ltr'>ubi</span> <span class='ocrx_word' id='word_1_48' title='bbox 336 1377 371 1430; x_wconf 90' lang='lat' dir='ltr'>et</span> <span class='ocrx_word' id='word_1_49' title='bbox 399 1368 451 1430; x_wconf 92' lang='lat' dir='ltr'>cui</span> <span class='ocrx_word' id='word_1_50' title='bbox 478 1367 562 1430; x_wconf 92' lang='lat' dir='ltr'>vult.</span> <span class='ocrx_word' id='word_1_51' title='bbox 621 1383 649 1430; x_wconf 91' lang='lat'>2.</span> <span class='ocrx_word' id='word_1_52' title='bbox 681 1365 782 1449; x_wconf 86' lang='lat' dir='ltr'>Quod</span> <span class='ocrx_word' id='word_1_53' title='bbox 810 1370 965 1432; x_wconf 86' lang='lat' dir='ltr'>remittat</span> <span class='ocrx_word' id='word_1_54' title='bbox 998 1379 1151 1452; x_wconf 87' lang='lat' dir='ltr'>peccata.</span> <span class='ocrx_word' id='word_1_55' title='bbox 1210 1386 1239 1451; x_wconf 83' lang='lat'>3.</span> <span class='ocrx_word' id='word_1_56' title='bbox 1271 1368 1372 1452; x_wconf 87' lang='lat' dir='ltr'>Quod</span> 
     </span>
     <span class='ocr_line' id='line_1_8' title="bbox 255 1459 1372 1546; baseline 0 -21"><span class='ocrx_word' id='word_1_57' title='bbox 255 1470 444 1544; x_wconf 85' lang='lat' dir='ltr'>regeneret.</span> <span class='ocrx_word' id='word_1_58' title='bbox 487 1479 518 1539; x_wconf 85' lang='grc'>4.</span> <span class='ocrx_word' id='word_1_59' title='bbox 550 1459 651 1542; x_wconf 87' lang='lat' dir='ltr'>Quod</span> <span class='ocrx_word' id='word_1_60' title='bbox 684 1459 872 1527; x_wconf 73' lang='lat' dir='ltr'>sanctificet</span> <span class='ocrx_word' id='word_1_61' title='bbox 889 1483 897 1542; x_wconf 92' lang='lat'>;</span> <span class='ocrx_word' id='word_1_62' title='bbox 938 1477 964 1544; x_wconf 81' lang='grc'>5.</span> <span class='ocrx_word' id='word_1_63' title='bbox 995 1463 1152 1546; x_wconf 91' lang='lat' dir='ltr'>imputet,</span> <span class='ocrx_word' id='word_1_64' title='bbox 1184 1473 1220 1528; x_wconf 88' lang='lat' dir='ltr'>et</span> <span class='ocrx_word' id='word_1_65' title='bbox 1250 1463 1372 1528; x_wconf 89' lang='lat' dir='ltr'>salvet.</span> 
     </span>
     <span class='ocr_line' id='line_1_9' title="bbox 254 1553 1373 1640; baseline 0.003 -22"><span class='ocrx_word' id='word_1_66' title='bbox 254 1555 284 1618; x_wconf 91' lang='lat'>6.</span> <span class='ocrx_word' id='word_1_67' title='bbox 316 1553 417 1637; x_wconf 89' lang='lat' dir='ltr'>Quod</span> <span class='ocrx_word' id='word_1_68' title='bbox 444 1555 610 1618; x_wconf 89' lang='lat' dir='ltr'>excitabit</span> <span class='ocrx_word' id='word_1_69' title='bbox 638 1556 805 1620; x_wconf 89' lang='lat' dir='ltr'>cadavera</span> <span class='ocrx_word' id='word_1_70' title='bbox 834 1577 853 1619; x_wconf 91' lang='lat' dir='ltr'>e</span> <span class='ocrx_word' id='word_1_71' title='bbox 883 1557 1057 1640; x_wconf 67' lang='lat' dir='ltr'>sepulcris</span> <span class='ocrx_word' id='word_1_72' title='bbox 1086 1557 1267 1622; x_wconf 86' lang='lat' dir='ltr'>vivificabit</span> <span class='ocrx_word' id='word_1_73' title='bbox 1298 1577 1373 1621; x_wconf 90' lang='lat' dir='ltr'>sce-</span> 
     </span>
     <span class='ocr_line' id='line_1_10' title="bbox 256 1648 1374 1733; baseline 0.002 -21"><span class='ocrx_word' id='word_1_74' title='bbox 256 1648 336 1724; x_wconf 91' lang='lat' dir='ltr'>leta,</span> <span class='ocrx_word' id='word_1_75' title='bbox 361 1658 396 1712; x_wconf 91' lang='lat' dir='ltr'>et</span> <span class='ocrx_word' id='word_1_76' title='bbox 419 1648 484 1711; x_wconf 91' lang='lat' dir='ltr'>illis</span> <span class='ocrx_word' id='word_1_77' title='bbox 508 1650 602 1712; x_wconf 91' lang='lat' dir='ltr'>indet</span> <span class='ocrx_word' id='word_1_78' title='bbox 621 1651 751 1712; x_wconf 91' lang='lat' dir='ltr'>animas</span> <span class='ocrx_word' id='word_1_79' title='bbox 771 1669 886 1714; x_wconf 91' lang='lat' dir='ltr'>eorum</span> <span class='ocrx_word' id='word_1_80' title='bbox 908 1652 1045 1733; x_wconf 91' lang='lat' dir='ltr'>priores.</span> <span class='ocrx_word' id='word_1_81' title='bbox 1089 1665 1119 1732; x_wconf 89' lang='lat'>7.</span> <span class='ocrx_word' id='word_1_82' title='bbox 1151 1649 1252 1733; x_wconf 87' lang='lat' dir='ltr'>Quod</span> <span class='ocrx_word' id='word_1_83' title='bbox 1275 1670 1374 1714; x_wconf 92' lang='lat' dir='ltr'>mun·</span> 
     </span>
     <span class='ocr_line' id='line_1_11' title="bbox 255 1743 1374 1826; baseline 0.002 -20"><span class='ocrx_word' id='word_1_84' title='bbox 255 1743 346 1817; x_wconf 93' lang='lat' dir='ltr'>dum,</span> <span class='ocrx_word' id='word_1_85' title='bbox 359 1763 436 1806; x_wconf 92' lang='lat' dir='ltr'>cum</span> <span class='ocrx_word' id='word_1_86' title='bbox 447 1743 529 1817; x_wconf 92' lang='lat' dir='ltr'>sole,</span> <span class='ocrx_word' id='word_1_87' title='bbox 539 1745 650 1818; x_wconf 90' lang='lat' dir='ltr'>astris,</span> <span class='ocrx_word' id='word_1_88' title='bbox 660 1744 819 1826; x_wconf 89' lang='lat' dir='ltr'>planetis,</span> <span class='ocrx_word' id='word_1_89' title='bbox 828 1743 1016 1822; x_wconf 86' lang='lat' dir='ltr'>telluribus,</span> <span class='ocrx_word' id='word_1_90' title='bbox 1026 1745 1191 1822; x_wconf 90' lang='lat' dir='ltr'>destruet,</span> <span class='ocrx_word' id='word_1_91' title='bbox 1201 1756 1236 1809; x_wconf 92' lang='lat' dir='ltr'>et</span> <span class='ocrx_word' id='word_1_92' title='bbox 1248 1764 1374 1810; x_wconf 90' lang='lat' dir='ltr'>novum</span> 
     </span>
     <span class='ocr_line' id='line_1_12' title="bbox 256 1837 1374 1922; baseline 0.003 -22"><span class='ocrx_word' id='word_1_93' title='bbox 256 1837 394 1900; x_wconf 86' lang='lat' dir='ltr'>creabit.</span> <span class='ocrx_word' id='word_1_94' title='bbox 440 1839 468 1900; x_wconf 89' lang='lat'>8.</span> <span class='ocrx_word' id='word_1_95' title='bbox 500 1837 585 1901; x_wconf 90' lang='lat' dir='ltr'>Cum</span> <span class='ocrx_word' id='word_1_96' title='bbox 605 1840 855 1922; x_wconf 91' lang='lat' dir='ltr'>omnipotentia</span> <span class='ocrx_word' id='word_1_97' title='bbox 874 1849 927 1903; x_wconf 91' lang='lat' dir='ltr'>est</span> <span class='ocrx_word' id='word_1_98' title='bbox 952 1860 1064 1916; x_wconf 93' lang='lat' dir='ltr'>omne,</span> <span class='ocrx_word' id='word_1_99' title='bbox 1085 1850 1120 1903; x_wconf 92' lang='lat' dir='ltr'>et</span> <span class='ocrx_word' id='word_1_100' title='bbox 1140 1840 1223 1903; x_wconf 95' lang='lat' dir='ltr'>ordo</span> <span class='ocrx_word' id='word_1_101' title='bbox 1242 1841 1297 1922; x_wconf 92' lang='lat' dir='ltr'>qui</span> <span class='ocrx_word' id='word_1_102' title='bbox 1321 1849 1374 1903; x_wconf 92' lang='lat' dir='ltr'>est</span> 
     </span>
     <span class='ocr_line' id='line_1_13' title="bbox 257 1931 1375 2018; baseline 0.002 -24"><span class='ocrx_word' id='word_1_103' title='bbox 257 1931 349 1995; x_wconf 90' lang='lat' dir='ltr'>Deus</span> <span class='ocrx_word' id='word_1_104' title='bbox 368 1941 403 1995; x_wconf 89' lang='lat' dir='ltr'>et</span> <span class='ocrx_word' id='word_1_105' title='bbox 427 1953 447 1995; x_wconf 90' lang='lat' dir='ltr'>a</span> <span class='ocrx_word' id='word_1_106' title='bbox 471 1931 545 1996; x_wconf 92' lang='lat' dir='ltr'>Deo</span> <span class='ocrx_word' id='word_1_107' title='bbox 568 1932 601 1995; x_wconf 94' lang='lat' dir='ltr'>in</span> <span class='ocrx_word' id='word_1_108' title='bbox 625 1933 781 1997; x_wconf 89' lang='lat' dir='ltr'>universo</span> <span class='ocrx_word' id='word_1_109' title='bbox 801 1934 939 2010; x_wconf 90' lang='lat' dir='ltr'>mundo,</span> <span class='ocrx_word' id='word_1_110' title='bbox 960 1931 1138 2017; x_wconf 80' lang='lat' dir='ltr'>¹⁴¹sequitur</span> <span class='ocrx_word' id='word_1_111' title='bbox 1156 1935 1247 2018; x_wconf 92' lang='lat' dir='ltr'>quod</span> <span class='ocrx_word' id='word_1_112' title='bbox 1270 1934 1375 1997; x_wconf 93' lang='lat' dir='ltr'>homo</span> 
     </span>
     <span class='ocr_line' id='line_1_14' title="bbox 256 2025 1375 2112; baseline 0 -22"><span class='ocrx_word' id='word_1_113' title='bbox 256 2025 434 2090; x_wconf 87' lang='lat' dir='ltr'>Ecclesiae</span> <span class='ocrx_word' id='word_1_114' title='bbox 453 2028 561 2109; x_wconf 90' lang='lat' dir='ltr'>possit</span> <span class='ocrx_word' id='word_1_115' title='bbox 577 2025 704 2108; x_wconf 86' lang='lat' dir='ltr'>fingere</span> <span class='ocrx_word' id='word_1_116' title='bbox 721 2029 878 2112; x_wconf 92' lang='lat' dir='ltr'>quicquid</span> <span class='ocrx_word' id='word_1_117' title='bbox 895 2025 1020 2107; x_wconf 74' lang='lat' dir='ltr'>¹⁵¹velit;</span> <span class='ocrx_word' id='word_1_118' title='bbox 1044 2039 1079 2092; x_wconf 93' lang='lat' dir='ltr'>et</span> <span class='ocrx_word' id='word_1_119' title='bbox 1099 2050 1136 2092; x_wconf 91' lang='lat' dir='ltr'>se</span> <span class='ocrx_word' id='word_1_120' title='bbox 1153 2049 1258 2111; x_wconf 87' lang='lat' dir='ltr'>usque</span> <span class='ocrx_word' id='word_1_121' title='bbox 1274 2047 1375 2110; x_wconf 88' lang='lat' dir='ltr'>supra</span> 
     </span>
     <span class='ocr_line' id='line_1_15' title="bbox 257 2116 1375 2205; baseline 0.002 -21"><span class='ocrx_word' id='word_1_122' title='bbox 257 2116 425 2185; x_wconf 81' lang='lat' dir='ltr'>¹¹¹aeterna</span> <span class='ocrx_word' id='word_1_123' title='bbox 437 2121 581 2195; x_wconf 87' lang='lat' dir='ltr'>elevare,</span> <span class='ocrx_word' id='word_1_124' title='bbox 594 2121 658 2184; x_wconf 91' lang='lat' dir='ltr'>hoc</span> <span class='ocrx_word' id='word_1_125' title='bbox 673 2131 736 2197; x_wconf 91' lang='lat' dir='ltr'>est,</span> <span class='ocrx_word' id='word_1_126' title='bbox 748 2144 849 2204; x_wconf 88' lang='lat' dir='ltr'>supra</span> <span class='ocrx_word' id='word_1_127' title='bbox 860 2123 1039 2198; x_wconf 88' lang='lat' dir='ltr'>rationem,</span> <span class='ocrx_word' id='word_1_128' title='bbox 1051 2131 1086 2186; x_wconf 90' lang='lat' dir='ltr'>et</span> <span class='ocrx_word' id='word_1_129' title='bbox 1100 2124 1289 2205; x_wconf 89' lang='lat' dir='ltr'>ubicunque</span> <span class='ocrx_word' id='word_1_130' title='bbox 1301 2121 1375 2186; x_wconf 92' lang='lat' dir='ltr'>vult</span> 
     </span>
     <span class='ocr_line' id='line_1_16' title="bbox 258 2216 1376 2300; baseline 0.001 -21"><span class='ocrx_word' id='word_1_131' title='bbox 258 2225 380 2280; x_wconf 90' lang='lat' dir='ltr'>contra</span> <span class='ocrx_word' id='word_1_132' title='bbox 403 2217 583 2291; x_wconf 91' lang='lat' dir='ltr'>rationem,</span> <span class='ocrx_word' id='word_1_133' title='bbox 603 2226 639 2282; x_wconf 87' lang='lat' dir='ltr'>et</span> <span class='ocrx_word' id='word_1_134' title='bbox 663 2217 775 2280; x_wconf 90' lang='lat' dir='ltr'>dicere</span> <span class='ocrx_word' id='word_1_135' title='bbox 799 2217 889 2300; x_wconf 92' lang='lat' dir='ltr'>quod</span> <span class='ocrx_word' id='word_1_136' title='bbox 911 2218 1027 2280; x_wconf 89' lang='lat' dir='ltr'>“ratio</span> <span class='ocrx_word' id='word_1_137' title='bbox 1051 2217 1223 2300; x_wconf 90' lang='lat' dir='ltr'>captanda</span> <span class='ocrx_word' id='word_1_138' title='bbox 1245 2218 1289 2280; x_wconf 93' lang='lat' dir='ltr'>sit</span> <span class='ocrx_word' id='word_1_139' title='bbox 1313 2216 1376 2280; x_wconf 92' lang='lat' dir='ltr'>sub</span> 
     </span>
     <span class='ocr_line' id='line_1_17' title="bbox 258 2307 1376 2394; baseline -0.001 -20"><span class='ocrx_word' id='word_1_140' title='bbox 258 2310 454 2374; x_wconf 88' lang='lat' dir='ltr'>obedientia</span> <span class='ocrx_word' id='word_1_141' title='bbox 475 2309 551 2374; x_wconf 83' lang='lat' dir='ltr'>fidei</span> <span class='ocrx_word' id='word_1_142' title='bbox 572 2319 721 2375; x_wconf 88' lang='lat' dir='ltr'>nostrae.</span> <span class='ocrx_word' id='word_1_143' title='bbox 766 2309 876 2376; x_wconf 84' lang='lat' dir='ltr'>Estne</span> <span class='ocrx_word' id='word_1_144' title='bbox 897 2311 989 2374; x_wconf 89' lang='lat' dir='ltr'>Deus</span> <span class='ocrx_word' id='word_1_145' title='bbox 1009 2311 1250 2394; x_wconf 88' lang='lat' dir='ltr'>omnipotens?</span> <span class='ocrx_word' id='word_1_146' title='bbox 1291 2307 1376 2392; x_wconf 86' lang='lat' dir='ltr'>Quis</span> 
     </span>
     <span class='ocr_line' id='line_1_18' title="bbox 258 2403 1375 2488; baseline -0.001 -20"><span class='ocrx_word' id='word_1_147' title='bbox 258 2411 378 2468; x_wconf 83' lang='lat' dir='ltr'>contra</span> <span class='ocrx_word' id='word_1_148' title='bbox 397 2406 682 2488; x_wconf 88' lang='lat' dir='ltr'>omnipotentiam</span> <span class='ocrx_word' id='word_1_149' title='bbox 703 2403 784 2488; x_wconf 87' lang='lat' dir='ltr'>Ejus</span> <span class='ocrx_word' id='word_1_150' title='bbox 803 2406 996 2468; x_wconf 89' lang='lat' dir='ltr'>ratiocinari</span> <span class='ocrx_word' id='word_1_151' title='bbox 1015 2415 1133 2488; x_wconf 91' lang='lat' dir='ltr'>potest</span> <span class='ocrx_word' id='word_1_152' title='bbox 1152 2413 1211 2468; x_wconf 92' lang='lat' dir='ltr'>aut</span> <span class='ocrx_word' id='word_1_153' title='bbox 1231 2404 1334 2468; x_wconf 90' lang='lat' dir='ltr'>audet</span> <span class='ocrx_word' id='word_1_154' title='bbox 1345 2403 1375 2467; x_wconf 83' lang='lat'>?”</span> 
     </span>
     <span class='ocr_line' id='line_1_19' title="bbox 258 2498 984 2582; baseline 0.001 -20"><span class='ocrx_word' id='word_1_155' title='bbox 258 2498 356 2564; x_wconf 90' lang='lat' dir='ltr'>Talia</span> <span class='ocrx_word' id='word_1_156' title='bbox 374 2509 453 2563; x_wconf 93' lang='lat' dir='ltr'>sunt</span> <span class='ocrx_word' id='word_1_157' title='bbox 473 2501 587 2563; x_wconf 89' lang='lat' dir='ltr'>omnia</span> <span class='ocrx_word' id='word_1_158' title='bbox 605 2499 682 2563; x_wconf 86' lang='lat' dir='ltr'>fidei</span> <span class='ocrx_word' id='word_1_159' title='bbox 701 2499 984 2582; x_wconf 51' lang='lat' dir='ltr'>hodiernae„etc.</span> 
     </span>
    </p>
   </div>
   <div class='ocr_carea' id='block_1_4' title="bbox 258 2689 1378 4004">
    <p class='ocr_par' dir='ltr' id='par_1_4' title="bbox 258 2689 1378 4004">
     <span class='ocr_line' id='line_1_20' title="bbox 324 2689 1376 2775; baseline -0.001 -21"><span class='ocrx_word' id='word_1_160' title='bbox 324 2689 405 2774; x_wconf 89' lang='grc'>(22.)</span> <span class='ocrx_word' id='word_1_161' title='bbox 438 2689 539 2773; x_wconf 86' lang='lat' dir='ltr'>Quod</span> <span class='ocrx_word' id='word_1_162' title='bbox 562 2691 666 2756; x_wconf 94' lang='lat' dir='ltr'>homo</span> <span class='ocrx_word' id='word_1_163' title='bbox 686 2712 754 2756; x_wconf 96' lang='lat' dir='ltr'>non</span> <span class='ocrx_word' id='word_1_164' title='bbox 778 2693 886 2775; x_wconf 91' lang='lat' dir='ltr'>possit</span> <span class='ocrx_word' id='word_1_165' title='bbox 907 2693 1042 2755; x_wconf 92' lang='lat' dir='ltr'>unicum</span> <span class='ocrx_word' id='word_1_166' title='bbox 1066 2691 1226 2756; x_wconf 92' lang='lat' dir='ltr'>Divinum</span> <span class='ocrx_word' id='word_1_167' title='bbox 1246 2691 1376 2755; x_wconf 91' lang='lat' dir='ltr'>Verum</span> 
     </span>
     <span class='ocr_line' id='line_1_21' title="bbox 258 2783 1375 2861; baseline 0 -12"><span class='ocrx_word' id='word_1_168' title='bbox 258 2786 419 2860; x_wconf 90' lang='lat' dir='ltr'>invenire,</span> <span class='ocrx_word' id='word_1_169' title='bbox 456 2789 518 2849; x_wconf 91' lang='lat' dir='ltr'>nisi</span> <span class='ocrx_word' id='word_1_170' title='bbox 550 2783 680 2850; x_wconf 79' lang='lat' dir='ltr'>¹⁷1adeat</span> <span class='ocrx_word' id='word_1_171' title='bbox 714 2788 912 2850; x_wconf 88' lang='lat' dir='ltr'>immediate</span> <span class='ocrx_word' id='word_1_172' title='bbox 950 2787 1146 2860; x_wconf 91' lang='lat' dir='ltr'>Dominum,</span> <span class='ocrx_word' id='word_1_173' title='bbox 1175 2806 1277 2850; x_wconf 85' lang='lat' dir='ltr'>causa</span> <span class='ocrx_word' id='word_1_174' title='bbox 1310 2796 1375 2861; x_wconf 92' lang='lat' dir='ltr'>est,</span> 
     </span>
     <span class='ocr_line' id='line_1_22' title="bbox 258 2879 1376 2963; baseline 0.001 -21"><span class='ocrx_word' id='word_1_175' title='bbox 258 2881 335 2963; x_wconf 91' lang='lat' dir='ltr'>quia</span> <span class='ocrx_word' id='word_1_176' title='bbox 355 2881 520 2944; x_wconf 91' lang='lat' dir='ltr'>Dominus</span> <span class='ocrx_word' id='word_1_177' title='bbox 540 2881 632 2944; x_wconf 91' lang='lat' dir='ltr'>solus</span> <span class='ocrx_word' id='word_1_178' title='bbox 651 2891 703 2945; x_wconf 90' lang='lat' dir='ltr'>est</span> <span class='ocrx_word' id='word_1_179' title='bbox 721 2880 885 2956; x_wconf 90' lang='lat' dir='ltr'>Verbum,</span> <span class='ocrx_word' id='word_1_180' title='bbox 903 2890 938 2944; x_wconf 91' lang='lat' dir='ltr'>et</span> <span class='ocrx_word' id='word_1_181' title='bbox 958 2889 1011 2944; x_wconf 89' lang='lat' dir='ltr'>est</span> <span class='ocrx_word' id='word_1_182' title='bbox 1031 2881 1104 2962; x_wconf 91' lang='lat' dir='ltr'>ipsa</span> <span class='ocrx_word' id='word_1_183' title='bbox 1123 2879 1201 2943; x_wconf 88' lang='lat' dir='ltr'>Lux</span> <span class='ocrx_word' id='word_1_184' title='bbox 1220 2890 1255 2944; x_wconf 90' lang='lat' dir='ltr'>et</span> <span class='ocrx_word' id='word_1_185' title='bbox 1276 2879 1376 2944; x_wconf 90' lang='lat' dir='ltr'>Veri·</span> 
     </span>
     <span class='ocr_line' id='line_1_23' title="bbox 259 2971 1376 3058; baseline 0 -20"><span class='ocrx_word' id='word_1_186' title='bbox 259 2985 332 3050; x_wconf 83' lang='lat' dir='ltr'>tas;</span> <span class='ocrx_word' id='word_1_187' title='bbox 357 2985 392 3039; x_wconf 91' lang='lat' dir='ltr'>et</span> <span class='ocrx_word' id='word_1_188' title='bbox 411 2975 515 3039; x_wconf 93' lang='lat' dir='ltr'>homo</span> <span class='ocrx_word' id='word_1_189' title='bbox 532 2995 600 3039; x_wconf 93' lang='lat' dir='ltr'>non</span> <span class='ocrx_word' id='word_1_190' title='bbox 619 2975 656 3038; x_wconf 88' lang='lat' dir='ltr'>ht</span> <span class='ocrx_word' id='word_1_191' title='bbox 673 2975 855 3058; x_wconf 89' lang='lat' dir='ltr'>spiritualis</span> <span class='ocrx_word' id='word_1_192' title='bbox 869 2977 935 3038; x_wconf 90' lang='lat' dir='ltr'>nisi</span> <span class='ocrx_word' id='word_1_193' title='bbox 951 2972 998 3038; x_wconf 59' lang='grc' dir='ltr'>ωε</span> <span class='ocrx_word' id='word_1_194' title='bbox 1016 2975 1091 3038; x_wconf 91' lang='lat' dir='ltr'>solo</span> <span class='ocrx_word' id='word_1_195' title='bbox 1111 2975 1271 3051; x_wconf 88' lang='lat' dir='ltr'>Domino,</span> <span class='ocrx_word' id='word_1_196' title='bbox 1289 2971 1376 3039; x_wconf 78' lang='lat' dir='ltr'>¹⁰¹sed</span> 
     </span>
     <span class='ocr_line' id='line_1_24' title="bbox 258 3070 1377 3152; baseline -0.002 -18"><span class='ocrx_word' id='word_1_197' title='bbox 258 3081 376 3134; x_wconf 89' lang='lat' dir='ltr'>manet</span> <span class='ocrx_word' id='word_1_198' title='bbox 399 3070 574 3146; x_wconf 91' lang='lat' dir='ltr'>naturalis,</span> <span class='ocrx_word' id='word_1_199' title='bbox 594 3081 630 3135; x_wconf 93' lang='lat' dir='ltr'>et</span> <span class='ocrx_word' id='word_1_200' title='bbox 654 3071 817 3134; x_wconf 89' lang='lat' dir='ltr'>naturalis</span> <span class='ocrx_word' id='word_1_201' title='bbox 841 3071 945 3134; x_wconf 93' lang='lat' dir='ltr'>homo</span> <span class='ocrx_word' id='word_1_202' title='bbox 968 3071 1062 3134; x_wconf 89' lang='lat' dir='ltr'>videt</span> <span class='ocrx_word' id='word_1_203' title='bbox 1086 3072 1201 3134; x_wconf 90' lang='lat' dir='ltr'>omnia</span> <span class='ocrx_word' id='word_1_204' title='bbox 1223 3071 1256 3133; x_wconf 96' lang='lat' dir='ltr'>in</span> <span class='ocrx_word' id='word_1_205' title='bbox 1280 3071 1377 3152; x_wconf 90' lang='lat' dir='ltr'>spiri·</span> 
     </span>
     <span class='ocr_line' id='line_1_25' title="bbox 259 3163 1376 3249; baseline -0.001 -20"><span class='ocrx_word' id='word_1_206' title='bbox 259 3165 406 3230; x_wconf 88' lang='lat' dir='ltr'>tualibus</span> <span class='ocrx_word' id='word_1_207' title='bbox 425 3167 576 3244; x_wconf 82' lang='lat' dir='ltr'>inverse3</span> <span class='ocrx_word' id='word_1_208' title='bbox 601 3167 690 3249; x_wconf 92' lang='lat' dir='ltr'>quod</span> <span class='ocrx_word' id='word_1_209' title='bbox 710 3167 758 3229; x_wconf 88' lang='lat' dir='ltr'>ita</span> <span class='ocrx_word' id='word_1_210' title='bbox 774 3167 829 3240; x_wconf 94' lang='lat' dir='ltr'>sit,</span> <span class='ocrx_word' id='word_1_211' title='bbox 847 3187 892 3228; x_wconf 90' lang='lat' dir='ltr'>ex</span> <span class='ocrx_word' id='word_1_212' title='bbox 908 3165 1017 3229; x_wconf 86' lang='lat' dir='ltr'>Paulo</span> <span class='ocrx_word' id='word_1_213' title='bbox 1033 3175 1153 3228; x_wconf 94' lang='lat' dir='ltr'>notum</span> <span class='ocrx_word' id='word_1_214' title='bbox 1170 3173 1233 3228; x_wconf 88' lang='lat' dir='ltr'>est.</span> <span class='ocrx_word' id='word_1_215' title='bbox 1280 3163 1376 3228; x_wconf 87' lang='lat' dir='ltr'>Haec</span> 
     </span>
     <span class='ocr_line' id='line_1_26' title="bbox 259 3259 1377 3343; baseline -0.002 -19"><span class='ocrx_word' id='word_1_216' title='bbox 259 3279 362 3324; x_wconf 90' lang='lat' dir='ltr'>causa</span> <span class='ocrx_word' id='word_1_217' title='bbox 385 3270 438 3324; x_wconf 91' lang='lat' dir='ltr'>est</span> <span class='ocrx_word' id='word_1_218' title='bbox 457 3261 547 3342; x_wconf 92' lang='lat' dir='ltr'>quod</span> <span class='ocrx_word' id='word_1_219' title='bbox 571 3281 613 3324; x_wconf 92' lang='lat' dir='ltr'>ne</span> <span class='ocrx_word' id='word_1_220' title='bbox 632 3261 768 3343; x_wconf 91' lang='lat' dir='ltr'>quidem</span> <span class='ocrx_word' id='word_1_221' title='bbox 792 3262 926 3322; x_wconf 91' lang='lat' dir='ltr'>unicum</span> <span class='ocrx_word' id='word_1_222' title='bbox 946 3280 1063 3323; x_wconf 88' lang='lat' dir='ltr'>verum</span> <span class='ocrx_word' id='word_1_223' title='bbox 1087 3260 1120 3322; x_wconf 94' lang='lat' dir='ltr'>in</span> <span class='ocrx_word' id='word_1_224' title='bbox 1144 3259 1301 3322; x_wconf 88' lang='lat' dir='ltr'>Ecclesia</span> <span class='ocrx_word' id='word_1_225' title='bbox 1324 3280 1377 3322; x_wconf 89' lang='lat' dir='ltr'>re·</span> 
     </span>
     <span class='ocr_line' id='line_1_27' title="bbox 260 3353 1376 3438; baseline -0.002 -21"><span class='ocrx_word' id='word_1_226' title='bbox 260 3355 391 3418; x_wconf 93' lang='lat' dir='ltr'>siduum</span> <span class='ocrx_word' id='word_1_227' title='bbox 415 3355 469 3428; x_wconf 90' lang='lat' dir='ltr'>sit,</span> <span class='ocrx_word' id='word_1_228' title='bbox 495 3356 543 3418; x_wconf 88' lang='lat' dir='ltr'>ita</span> <span class='ocrx_word' id='word_1_229' title='bbox 565 3355 656 3438; x_wconf 92' lang='lat' dir='ltr'>quod</span> <span class='ocrx_word' id='word_1_230' title='bbox 680 3356 723 3418; x_wconf 94' lang='lat' dir='ltr'>sit</span> <span class='ocrx_word' id='word_1_231' title='bbox 748 3356 1009 3430; x_wconf 86' lang='lat' dir='ltr'>consummatio,</span> <span class='ocrx_word' id='word_1_232' title='bbox 1034 3353 1215 3428; x_wconf 90' lang='lat' dir='ltr'>desolatio,</span> <span class='ocrx_word' id='word_1_233' title='bbox 1238 3353 1376 3428; x_wconf 90' lang='lat' dir='ltr'>decisio,</span> 
     </span>
     <span class='ocr_line' id='line_1_28' title="bbox 259 3447 1376 3532; baseline -0.003 -20"><span class='ocrx_word' id='word_1_234' title='bbox 259 3459 294 3512; x_wconf 90' lang='lat' dir='ltr'>et</span> <span class='ocrx_word' id='word_1_235' title='bbox 318 3448 504 3532; x_wconf 81' lang='lat' dir='ltr'>plenitudo</span> <span class='ocrx_word' id='word_1_236' title='bbox 550 3447 617 3514; x_wconf 90' lang='lat' dir='ltr'>Sed</span> <span class='ocrx_word' id='word_1_237' title='bbox 636 3450 713 3532; x_wconf 87' lang='lat' dir='ltr'>quia</span> <span class='ocrx_word' id='word_1_238' title='bbox 732 3470 836 3532; x_wconf 89' lang='lat' dir='ltr'>usque</span> <span class='ocrx_word' id='word_1_239' title='bbox 860 3449 1027 3512; x_wconf 91' lang='lat' dir='ltr'>Dominus</span> <span class='ocrx_word' id='word_1_240' title='bbox 1051 3469 1119 3512; x_wconf 93' lang='lat' dir='ltr'>non</span> <span class='ocrx_word' id='word_1_241' title='bbox 1139 3457 1292 3510; x_wconf 91' lang='lat' dir='ltr'>mortuus</span> <span class='ocrx_word' id='word_1_242' title='bbox 1312 3457 1376 3522; x_wconf 90' lang='lat' dir='ltr'>est,</span> 
     </span>
     <span class='ocr_line' id='line_1_29' title="bbox 261 3542 1378 3627; baseline -0.004 -20"><span class='ocrx_word' id='word_1_243' title='bbox 261 3545 338 3607; x_wconf 92' lang='lat' dir='ltr'>ideo</span> <span class='ocrx_word' id='word_1_244' title='bbox 368 3554 485 3607; x_wconf 88' lang='lat' dir='ltr'>manet</span> <span class='ocrx_word' id='word_1_245' title='bbox 519 3565 624 3627; x_wconf 91' lang='lat' dir='ltr'>usque</span> <span class='ocrx_word' id='word_1_246' title='bbox 656 3545 754 3607; x_wconf 90' lang='lat' dir='ltr'>radix</span> <span class='ocrx_word' id='word_1_247' title='bbox 787 3545 820 3606; x_wconf 93' lang='lat' dir='ltr'>in</span> <span class='ocrx_word' id='word_1_248' title='bbox 855 3553 945 3608; x_wconf 88' lang='lat' dir='ltr'>terra</span> <span class='ocrx_word' id='word_1_249' title='bbox 976 3551 1159 3625; x_wconf 89' lang='lat' dir='ltr'>superstes,</span> <span class='ocrx_word' id='word_1_250' title='bbox 1192 3542 1378 3604; x_wconf 91' lang='lat' dir='ltr'>secundum</span> 
     </span>
     <span class='ocr_line' id='line_1_30' title="bbox 259 3637 1377 3720; baseline -0.004 -19"><span class='ocrx_word' id='word_1_251' title='bbox 259 3637 431 3702; x_wconf 81' lang='lat' dir='ltr'>Danielem</span> <span class='ocrx_word' id='word_1_252' title='bbox 439 3663 453 3712; x_wconf 87' lang='lat'>,·</span> <span class='ocrx_word' id='word_1_253' title='bbox 473 3649 545 3702; x_wconf 92' lang='lat' dir='ltr'>tum</span> <span class='ocrx_word' id='word_1_254' title='bbox 553 3640 643 3720; x_wconf 91' lang='lat' dir='ltr'>quod</span> <span class='ocrx_word' id='word_1_255' title='bbox 655 3639 759 3702; x_wconf 94' lang='lat' dir='ltr'>homo</span> <span class='ocrx_word' id='word_1_256' title='bbox 770 3639 853 3702; x_wconf 89' lang='lat' dir='ltr'>velit</span> <span class='ocrx_word' id='word_1_257' title='bbox 865 3640 959 3714; x_wconf 93' lang='lat' dir='ltr'>mori,</span> <span class='ocrx_word' id='word_1_258' title='bbox 970 3638 1029 3701; x_wconf 92' lang='lat' dir='ltr'>sed</span> <span class='ocrx_word' id='word_1_259' title='bbox 1042 3647 1158 3701; x_wconf 90' lang='lat' dir='ltr'>tamen</span> <span class='ocrx_word' id='word_1_260' title='bbox 1169 3657 1237 3700; x_wconf 92' lang='lat' dir='ltr'>non</span> <span class='ocrx_word' id='word_1_261' title='bbox 1249 3645 1377 3718; x_wconf 90' lang='lat' dir='ltr'>potest,</span> 
     </span>
     <span class='ocr_line' id='line_1_31' title="bbox 260 3729 1378 3815; baseline -0.004 -19"><span class='ocrx_word' id='word_1_262' title='bbox 260 3733 445 3796; x_wconf 90' lang='lat' dir='ltr'>secundum</span> <span class='ocrx_word' id='word_1_263' title='bbox 469 3733 499 3796; x_wconf 87' lang='grc' dir='ltr'><em>Α</em></span> <span class='ocrx_word' id='word_1_264' title='bbox 501 3733 718 3814; x_wconf 80' lang='lat' dir='ltr'>pocalypsin;</span> <span class='ocrx_word' id='word_1_265' title='bbox 748 3743 920 3815; x_wconf 91' lang='lat' dir='ltr'>superstes</span> <span class='ocrx_word' id='word_1_266' title='bbox 943 3733 1021 3795; x_wconf 93' lang='lat' dir='ltr'>inde</span> <span class='ocrx_word' id='word_1_267' title='bbox 1044 3742 1097 3796; x_wconf 90' lang='lat' dir='ltr'>est</span> <span class='ocrx_word' id='word_1_268' title='bbox 1121 3730 1265 3795; x_wconf 85' lang='lat' dir='ltr'>facultas</span> <span class='ocrx_word' id='word_1_269' title='bbox 1288 3729 1378 3812; x_wconf 89' lang='lat' dir='ltr'>quod</span> 
     </span>
     <span class='ocr_line' id='line_1_32' title="bbox 260 3825 1378 3910; baseline -0.004 -20"><span class='ocrx_word' id='word_1_270' title='bbox 260 3827 368 3909; x_wconf 89' lang='lat' dir='ltr'>possit</span> <span class='ocrx_word' id='word_1_271' title='bbox 390 3827 582 3910; x_wconf 85' lang='lat' dir='ltr'>intelligere</span> <span class='ocrx_word' id='word_1_272' title='bbox 601 3848 717 3891; x_wconf 89' lang='lat' dir='ltr'>verum</span> <span class='ocrx_word' id='word_1_273' title='bbox 739 3837 774 3891; x_wconf 93' lang='lat' dir='ltr'>et</span> <span class='ocrx_word' id='word_1_274' title='bbox 793 3827 883 3909; x_wconf 94' lang='lat' dir='ltr'>quod</span> <span class='ocrx_word' id='word_1_275' title='bbox 907 3827 1015 3910; x_wconf 90' lang='lat' dir='ltr'>possit</span> <span class='ocrx_word' id='word_1_276' title='bbox 1033 3825 1122 3890; x_wconf 90' lang='lat' dir='ltr'>velle</span> <span class='ocrx_word' id='word_1_277' title='bbox 1141 3827 1288 3902; x_wconf 88' lang='lat' dir='ltr'>bonum;</span> <span class='ocrx_word' id='word_1_278' title='bbox 1312 3825 1378 3887; x_wconf 91' lang='lat' dir='ltr'>hoc</span> 
     </span>
     <span class='ocr_line' id='line_1_33' title="bbox 260 3923 682 4004; baseline -0.005 -18"><span class='ocrx_word' id='word_1_279' title='bbox 260 3931 314 3986; x_wconf 90' lang='lat' dir='ltr'>est</span> <span class='ocrx_word' id='word_1_280' title='bbox 335 3923 461 3985; x_wconf 89' lang='lat' dir='ltr'>“radix</span> <span class='ocrx_word' id='word_1_281' title='bbox 481 3923 682 4004; x_wconf 90' lang='lat' dir='ltr'>superstes.”</span> 
     </span>
    </p>
   </div>
   <div class='ocr_carea' id='block_1_5' title="bbox 260 4103 1379 4662">
    <p class='ocr_par' dir='ltr' id='par_1_5' title="bbox 260 4103 1379 4662">
     <span class='ocr_line' id='line_1_34' title="bbox 325 4103 1377 4190; baseline -0.002 -21"><span class='ocrx_word' id='word_1_282' title='bbox 325 4105 407 4190; x_wconf 86' lang='lat'>(23.)</span> <span class='ocrx_word' id='word_1_283' title='bbox 439 4103 677 4170; x_wconf 88' lang='lat' dir='ltr'>Orthodoxiae</span> <span class='ocrx_word' id='word_1_284' title='bbox 690 4107 875 4171; x_wconf 89' lang='lat' dir='ltr'>hodiernae</span> <span class='ocrx_word' id='word_1_285' title='bbox 888 4108 1031 4172; x_wconf 91' lang='lat' dir='ltr'>studiosi</span> <span class='ocrx_word' id='word_1_286' title='bbox 1045 4107 1218 4188; x_wconf 82' lang='lat' dir='ltr'>objiciunt,</span> <span class='ocrx_word' id='word_1_287' title='bbox 1232 4105 1323 4188; x_wconf 93' lang='lat' dir='ltr'>quod</span> <span class='ocrx_word' id='word_1_288' title='bbox 1340 4103 1377 4167; x_wconf 87' lang='lat' dir='ltr'>fi-</span> 
     </span>
     <span class='ocr_line' id='line_1_35' title="bbox 260 4201 1376 4284; baseline -0.004 -18"><span class='ocrx_word' id='word_1_289' title='bbox 260 4203 331 4278; x_wconf 91' lang='lat' dir='ltr'>des,</span> <span class='ocrx_word' id='word_1_290' title='bbox 343 4201 502 4274; x_wconf 91' lang='lat' dir='ltr'>charitas,</span> <span class='ocrx_word' id='word_1_291' title='bbox 517 4203 607 4264; x_wconf 91' lang='lat' dir='ltr'>bona</span> <span class='ocrx_word' id='word_1_292' title='bbox 619 4222 732 4283; x_wconf 92' lang='lat' dir='ltr'>opera,</span> <span class='ocrx_word' id='word_1_293' title='bbox 748 4203 968 4284; x_wconf 89' lang='lat' dir='ltr'>paenitentia,</span> <span class='ocrx_word' id='word_1_294' title='bbox 980 4203 1132 4265; x_wconf 90' lang='lat' dir='ltr'>remissio</span> <span class='ocrx_word' id='word_1_295' title='bbox 1145 4210 1376 4283; x_wconf 89' lang='lat' dir='ltr'>peccatorum,</span> 
     </span>
     <span class='ocr_line' id='line_1_36' title="bbox 261 4291 1379 4379; baseline -0.004 -19"><span class='ocrx_word' id='word_1_296' title='bbox 261 4306 338 4372; x_wconf 83' lang='lat' dir='ltr'>etc,</span> <span class='ocrx_word' id='word_1_297' title='bbox 363 4315 432 4359; x_wconf 94' lang='lat' dir='ltr'>non</span> <span class='ocrx_word' id='word_1_298' title='bbox 455 4297 587 4378; x_wconf 91' lang='lat' dir='ltr'>possint</span> <span class='ocrx_word' id='word_1_299' title='bbox 610 4296 680 4358; x_wconf 92' lang='lat' dir='ltr'>dari</span> <span class='ocrx_word' id='word_1_300' title='bbox 704 4297 794 4378; x_wconf 90' lang='lat' dir='ltr'>apud</span> <span class='ocrx_word' id='word_1_301' title='bbox 821 4297 995 4360; x_wconf 90' lang='lat' dir='ltr'>hominem</span> <span class='ocrx_word' id='word_1_302' title='bbox 1022 4297 1236 4379; x_wconf 89' lang='lat' dir='ltr'>priusquam</span> <span class='ocrx_word' id='word_1_303' title='bbox 1260 4291 1379 4357; x_wconf 71' lang='lat' dir='ltr'>nadtus</span> 
     </span>
     <span class='ocr_line' id='line_1_37' title="bbox 261 4387 1379 4472; baseline -0.004 -18"><span class='ocrx_word' id='word_1_304' title='bbox 261 4399 314 4454; x_wconf 90' lang='lat' dir='ltr'>est</span> <span class='ocrx_word' id='word_1_305' title='bbox 342 4389 503 4472; x_wconf 91' lang='lat' dir='ltr'>Spiritum</span> <span class='ocrx_word' id='word_1_306' title='bbox 528 4387 709 4468; x_wconf 77' lang='lat' dir='ltr'>Sandtum3</span> <span class='ocrx_word' id='word_1_307' title='bbox 741 4392 812 4467; x_wconf 89' lang='lat' dir='ltr'>sed,</span> <span class='ocrx_word' id='word_1_308' title='bbox 842 4388 916 4454; x_wconf 71' lang='lat' dir='ltr'>[¹⁰¹ut</span> <span class='ocrx_word' id='word_1_309' title='bbox 943 4401 1119 4454; x_wconf 86' lang='lat' dir='ltr'>ostensum</span> <span class='ocrx_word' id='word_1_310' title='bbox 1147 4397 1211 4463; x_wconf 89' lang='lat' dir='ltr'>est,</span> <span class='ocrx_word' id='word_1_311' title='bbox 1236 4387 1379 4472; x_wconf 86' lang='lat' dir='ltr'>Spiritus</span> 
     </span>
     <span class='ocr_line' id='line_1_38' title="bbox 261 4481 1379 4566; baseline -0.004 -17"><span class='ocrx_word' id='word_1_312' title='bbox 261 4481 406 4549; x_wconf 71' lang='lat' dir='ltr'>Sanctus</span> <span class='ocrx_word' id='word_1_313' title='bbox 424 4481 513 4548; x_wconf 77' lang='lat' dir='ltr'>¹¹¹¹est</span> <span class='ocrx_word' id='word_1_314' title='bbox 533 4484 692 4547; x_wconf 92' lang='lat' dir='ltr'>Divinum</span> <span class='ocrx_word' id='word_1_315' title='bbox 712 4486 901 4566; x_wconf 86' lang='lat' dir='ltr'>procedens</span> <span class='ocrx_word' id='word_1_316' title='bbox 921 4507 942 4551; x_wconf 89' lang='lat' dir='ltr'>a</span> <span class='ocrx_word' id='word_1_317' title='bbox 966 4485 1133 4547; x_wconf 93' lang='lat' dir='ltr'>Domino:</span> <span class='ocrx_word' id='word_1_318' title='bbox 1157 4493 1193 4547; x_wconf 91' lang='lat' dir='ltr'>et</span> <span class='ocrx_word' id='word_1_319' title='bbox 1213 4483 1379 4546; x_wconf 88' lang='lat' dir='ltr'>Dominus</span> 
     </span>
     <span class='ocr_line' id='line_1_39' title="bbox 261 4577 1377 4662; baseline -0.004 -20"><span class='ocrx_word' id='word_1_320' title='bbox 261 4579 350 4662; x_wconf 93' lang='lat' dir='ltr'>apud</span> <span class='ocrx_word' id='word_1_321' title='bbox 373 4579 629 4662; x_wconf 90' lang='lat' dir='ltr'>unumquemvis</span> <span class='ocrx_word' id='word_1_322' title='bbox 656 4577 839 4655; x_wconf 92' lang='lat' dir='ltr'>hominem,</span> <span class='ocrx_word' id='word_1_323' title='bbox 865 4589 938 4642; x_wconf 90' lang='lat' dir='ltr'>tam</span> <span class='ocrx_word' id='word_1_324' title='bbox 962 4578 1088 4642; x_wconf 91' lang='lat' dir='ltr'>malum</span> <span class='ocrx_word' id='word_1_325' title='bbox 1111 4597 1212 4661; x_wconf 92' lang='lat' dir='ltr'>quam</span> <span class='ocrx_word' id='word_1_326' title='bbox 1239 4577 1377 4652; x_wconf 90' lang='lat' dir='ltr'>bonum,</span> 
     </span>
    </p>
   </div>
   <div class='ocr_carea' id='block_1_6' title="bbox 0 0 1687 5300">
    <p class='ocr_par' dir='ltr' id='par_1_6' title="bbox 0 0 1687 5300">
     <span class='ocr_line' id='line_1_40' title="bbox 0 0 1687 5300; baseline 0 0"><span class='ocrx_word' id='word_1_327' title='bbox 0 0 1687 5300; x_wconf 95' lang='lat' dir='ltr'> </span> 
     </span>
    </p>
   </div>
  </div>
 </body>
</html>
