3288 5294
417 694 466 748 ΕΤ
488 695 573 765 sJus
595 695 794 750 bocsama
815 694 1091 750 cnsusss1.·-rr.
1108 685 1180 762 246.
1306 695 1362 764 135

752 1197 862 1284 [x1x.]

623 1417 697 1494 DE
731 1418 999 1495 ECCLESIA.

289 1761 320 1804 ι.

245 1759 288 1816 ²⁴
398 1811 501 1881 UOD
516 1813 605 1898 apud
624 1814 798 1880 hominem
817 1814 897 1880 lacit
917 1813 1061 1890 caelum,
1078 1813 1144 1878 hoc
1160 1813 1265 1878 etiam
1283 1812 1365 1878 iacit

426 1909 628 1990 ecclesiam;
652 1930 731 1974 nam
750 1911 838 1975 sicut
856 1927 953 1975 arnor
974 1919 1010 1974 et
1034 1908 1118 1973 fides
1139 1909 1267 1973 iaciunt
1286 1927 1365 1972 cae-

427 2003 507 2080 lum,
527 2005 576 2068 ita
597 2005 703 2069 etiam
726 2023 822 2068 amor
843 2015 880 2069 et
902 2003 987 2068 fides
1009 2003 1138 2068 iaciunt
1160 2003 1363 2067 ecclesiam:

426 2099 505 2163 inde
523 2119 568 2164 ex
587 2099 654 2164 illis
670 2121 756 2183 quae
775 2100 818 2164 de
834 2099 932 2164 caelo
948 2099 1038 2182 prius
1054 2096 1251 2173 dictasunt,
1268 2106 1367 2182 patet

246 2194 326 2277 quid
346 2193 502 2258 ecclesia.

305 2299 399 2370 141.
428 2284 589 2350 Ecclesia
606 2286 739 2360 dicitur,
760 2286 816 2350 ubi
839 2285 1009 2350 Dominus
1031 2285 1231 2366 agnoscitur
1252 2293 1288 2347 et
1311 2283 1366 2346 ubi

246 2375 400 2442 Verbum
419 2387 493 2456 est;
517 2396 598 2442 nam
615 2377 813 2442 essentialia
832 2377 998 2442 ecclesiae
1017 2386 1097 2442 sunt
1116 2396 1211 2442 amor
1229 2387 1265 2442 et
1283 2375 1367 2441 fides

247 2472 280 2535 in
301 2471 485 2536 Dominum
504 2491 525 2536 a
544 2472 703 2548 Domino,
720 2482 757 2537 et
777 2471 930 2537 Verbum
946 2472 1051 2536 docet
1069 2472 1243 2554 quomodo
1262 2471 1367 2536 homo

246 2563 395 2630 victurus
413 2575 466 2630 est
487 2577 524 2630 ut
542 2585 694 2630 amorem
713 2577 748 2630 et
768 2565 870 2630 fidem
889 2567 1030 2648 recipiat
1050 2585 1070 2629 a
1090 2565 1250 2630 Domino.

306 2671 404 2740 143.
432 2657 483 2722 Ut
497 2658 645 2722 ecclesia
662 2661 717 2734 sit,
734 2660 799 2723 erit
817 2657 974 2722 doctrina
991 2679 1037 2722 ex
1056 2657 1186 2733 Verbo,
1206 2660 1366 2741 quoniam

247 2749 376 2832 absque
392 2745 547 2814 doctrina
562 2770 631 2814 non
646 2749 851 2833 intelligitur
863 2750 1037 2829 Verbum;
1056 2759 1110 2814 ast
1127 2751 1200 2815 sola
1213 2749 1368 2816 doctrina

248 2863 316 2907 non
344 2843 423 2908 lacit
451 2843 632 2908 ecclesiam
659 2845 748 2927 apud
779 2845 963 2922 hominem,
992 2845 1051 2909 sed
1082 2845 1154 2909 vita
1180 2847 1367 2910 secuudum

248 2937 353 3003 illam.
394 2937 480 3004 Inde
496 2941 648 3022 sequitur
663 2941 753 3023 quod
773 2961 842 3004 non
861 2939 945 3004 fides
964 2940 1038 3006 sola
1056 2939 1158 3006 iaciat
1174 2941 1366 3018 ecclesiam,

247 3033 308 3098 sed
324 3033 396 3098 vita
412 3031 489 3098 fidei
505 3055 593 3118 quae
608 3045 661 3099 est
677 3035 837 3100 charitas.
874 3035 1029 3100 Genuina
1044 3033 1199 3099 doctrina
1213 3046 1268 3100 est
1283 3037 1365 3101 doc-

247 3127 338 3192 trina
354 3128 533 3193 charitatis
548 3137 584 3194 et
604 3129 702 3194 simul
721 3129 810 3204 fidei,
828 3140 863 3195 et
883 3149 951 3193 non
971 3127 1124 3194 doctrina
1143 3129 1220 3194 fidei
1240 3131 1367 3215 absque

248 3221 326 3285 illa:
359 3241 438 3286 nam
461 3220 616 3287 doctrina
639 3223 817 3288 charitatis
840 3233 876 3288 et
899 3223 998 3287 simul
1021 3222 1109 3296 fidei,
1134 3233 1187 3288 est
1213 3222 1368 3288 doctrina

247 3317 361 3395 vitae;
384 3336 453 3381 non
469 3327 585 3382 autem
602 3315 757 3382 doctrina
771 3317 850 3382 fidei
865 3319 994 3401 absque
1010 3316 1163 3382 doctrina
1178 3317 1367 3383 charitatis.

307 3421 407 3492 144.
435 3407 491 3472 Illi
507 3410 563 3491 qui
578 3419 680 3473 extra
696 3408 879 3473 ecclesiam
896 3419 988 3484 sunt,
1002 3417 1037 3474 et
1053 3419 1248 3492 agnoscunt
1264 3429 1367 3474 unum

249 3499 372 3578 Deum,
392 3511 428 3566 et
447 3501 635 3566 secundum
653 3502 850 3584 religiosum
869 3521 966 3567 suum
984 3503 1018 3566 in
1036 3503 1183 3586 quadam
1199 3501 1368 3568 charitate

249 3615 332 3678 erga
351 3595 545 3678 proximum
564 3596 694 3672 vivunt,
714 3597 748 3661 in
771 3598 1011 3662 communione
1029 3607 1108 3660 sunt
1128 3615 1204 3661 cum
1224 3597 1290 3660 illis
1313 3599 1369 3680 qui

249 3690 294 3754 ab
315 3689 482 3768 ecclesia3
510 3691 670 3772 quoniam
693 3711 796 3755 nemo
819 3693 876 3774 qui
899 3692 1008 3757 credit
1031 3692 1064 3754 in
1089 3690 1199 3755 Deum
1222 3701 1259 3755 et
1281 3692 1368 3755 bene

249 3784 344 3858 vivit,
364 3783 565 3849 damnatur:
590 3784 668 3849 inde
687 3795 785 3867 patet
804 3786 895 3869 quod
915 3785 1060 3852 ecclesia
1079 3785 1217 3850 Domini
1235 3787 1279 3850 sit
1296 3786 1368 3851 ubi·

249 3879 301 3943 vis
319 3879 353 3942 in
372 3879 530 3943 universo
546 3889 711 3943 terrarum
727 3880 819 3955 orbe,
837 3882 976 3945 tametsi
995 3881 1028 3944 in
1045 3881 1158 3964 specie
1174 3881 1229 3944 ubi
1250 3879 1368 3944 Domi·

165 3981 181 4002 “
250 3992 314 4037 nus
332 3973 541 4055 agnoscitur,
562 3983 597 4038 et
617 3974 672 4037 ubi
692 3973 845 4038 Verbum
864 3985 927 4040 est.

309 4078 407 4150 145.
441 4063 564 4130 Omnis
595 4065 686 4149 apud
717 4086 819 4149 quem
850 4067 998 4132 ecclesia
1028 4075 1094 4142 est,
1123 4066 1298 4146 salvatur3
1333 4077 1370 4132 at

252 4158 364 4222 omnis
381 4158 472 4241 apud
490 4177 592 4241 quem
611 4177 680 4223 non
699 4158 845 4224 ecclesia
863 4169 929 4236 est,
949 4161 1208 4225 condemnatur.

652 4339 691 4393 tur
703 4349 800 4382 maan
811 4341 972 4391 mmmm)

304 4439 395 4514 146.
419 4437 509 4566 quod
519 4440 644 4496 ecclesia
653 4439 683 4496 in
696 4441 795 4512 specie
805 4441 844 4497 sit
857 4442 907 4497 ubi
918 4442 1058 4504 Verbum.
1069 4451 1100 4498 et
1151 4459 1166 4498 r
1179 4443 1208 4497 id
1224 4442 1370 4499 Dominus

253 4520 350 4572 notus,
364 4511 406 4566 ita
417 4527 436 4566 u
459 4511 468 4566 i
482 4509 592 4566 Divina
603 4527 674 4567 vera
685 4523 755 4568 aunt
768 4513 898 4568 revelata
910 4515 951 4582 (n.
965 4513 1042 4582 3857.
1059 4527 1107 4579 107
1129 4514 1164 4580 ι).

305 4581 349 4635 At
360 4597 455 4652 usque
466 4583 548 4653 quod
561 4581 630 4637 ideo
642 4599 703 4638 non
716 4583 754 4638 ab
766 4583 891 4639 ecclesia
902 4583 963 4639 sint
975 4585 1026 4655 qui
1039 4583 1102 4639 nati
1115 4583 1166 4638 ubi
1179 4583 1310 4640 Verbum
1324 4595 1370 4640 est

253 4661 283 4706 et
299 4649 448 4708 Dominus
460 4653 621 4716 manased
636 4653 687 4725 qui
704 4669 757 4725 per
767 4669 838 4709 vera
851 4669 889 4710 ex
901 4654 1002 4710 Verbo
1016 4671 1035 4712 a
1050 4653 1181 4710 Domino
1196 4670 1370 4727 regeneran-
