3352 5298
282 643 323 710 72
470 671 472 680 ι
605 645 656 698 DE
679 645 784 698 NOVA
808 643 1083 698 HIEROSOLYMA

282 813 417 890 amoris,
435 831 512 878 cum
531 813 636 879 homo
654 825 748 879 amat
763 815 876 880 vivere
893 802 1018 879 verum*
1033 824 1069 878 et
1092 814 1231 890 bonum,
1249 814 1316 878 hoc
1335 823 1400 892 est,

282 907 396 970 vivere
414 908 601 972 secundum
617 909 676 973 illa
693 929 780 992 quae
798 911 832 975 in
848 908 967 974 Verbo
983 919 1167 992 praecepta
1184 919 1273 972 sunt.

339 1017 427 1068 m.
456 1003 558 1068 Fides
581 992 641 1069 'est
662 1005 798 1069 affedtio
817 1005 889 1068 veri
917 1025 963 1068 ex
988 1005 1080 1068 velle
1101 1024 1219 1068 verum
1248 1005 1326 1090 quia
1347 1014 1403 1068 est

282 1113 419 1173 verum;
443 1106 479 1160 et
495 1096 584 1160 velle
596 1116 713 1160 verum
726 1097 807 1180 quia
822 1107 876 1161 est
888 1115 1016 1173 verum,
1030 1109 1083 1161 est
1099 1099 1209 1179 ipsum
1227 1095 1403 1180 spirituale

284 1188 451 1268 hominis;
474 1199 528 1254 est
552 1191 642 1254 enim
665 1188 874 1255 abstradtum
902 1211 922 1254 a
945 1191 1101 1264 naturali,
1122 1190 1213 1272 quod
1237 1200 1290 1254 est
1312 1189 1404 1254 velle

283 1302 401 1346 verum
418 1303 486 1348 non
504 1295 643 1366 propter
654 1303 782 1360 verum,
796 1285 1013 1367 sedpropter
1028 1285 1078 1347 sui
1094 1285 1250 1366 gloriam,
1264 1283 1402 1358 samam,

285 1385 344 1439 aut
364 1376 514 1441 lucrum:
538 1397 656 1441 verum
678 1375 851 1442 abstradie
870 1398 891 1442 a
909 1377 1035 1442 talibus
1053 1388 1106 1442 est
1126 1376 1309 1460 spirituale,
1326 1377 1405 1460 quia

284 1479 337 1533 est
356 1490 376 1534 a
392 1470 536 1549 Divin03
559 1473 650 1556 quod
666 1472 821 1555 procedit
836 1493 858 1536 a
874 1471 998 1535 Divino
1010 1482 1064 1536 est
1082 1470 1269 1554 spirituale,
1284 1480 1320 1534 et
1336 1469 1403 1534 hoc

284 1564 501 1648 conjungitur
519 1567 647 1630 homini
671 1587 731 1650 per
748 1585 901 1632 amorem
913 1587 922 1645 ;
946 1585 1026 1630 nam
1049 1586 1146 1651 amor
1164 1576 1217 1630 est
1241 1564 1404 1646 conjunc·

284 1661 335 1723 tio
351 1659 545 1742 spiritualis

205 1827 211 1834 ,
345 1769 437 1838 113.
466 1755 583 1820 Homo
605 1756 752 1822 multum
778 1765 896 1840 potest
917 1757 1016 1833 scire,
1039 1757 1195 1838 cogitare
1217 1765 1253 1820 et
1275 1755 1404 1820 intelli·

286 1869 379 1930 gere,
396 1849 456 1912 sed
476 1848 534 1912 ilia
552 1870 639 1932 quae
657 1869 725 1913 non
744 1850 957 1914 concordant
974 1867 1051 1912 cum
1070 1869 1185 1912 amore
1202 1847 1283 1930 ejus,
1298 1847 1405 1930 rejicit

286 1965 306 2005 a
324 1963 372 2018 se,
389 1962 466 2006 cum
485 1943 548 2006 sibi
571 1943 635 2008 soli
654 1941 790 2008 relictus
809 1943 1013 2008 meditatur:
1038 1953 1075 2007 et
1093 1945 1172 2007 ideo
1190 1961 1324 2026 quoque
1346 1942 1406 2006 illa

286 2035 393 2118 rejicit
405 2046 484 2118 post
496 2038 603 2100 vitam
616 2038 776 2119 corporis,
788 2057 864 2101 cum
877 2038 910 2099 in
924 2038 1043 2119 spiritu
1056 2047 1109 2101 est
1122 2059 1130 2116 ;
1151 2053 1229 2100 nam
1247 2037 1280 2099 id
1293 2036 1405 2099 solum

287 2141 403 2194 manet
426 2131 460 2194 in
483 2132 602 2214 spiritu
624 2131 781 2206 hominis,
801 2131 892 2214 quod
914 2131 1055 2194 intravit
1079 2131 1112 2194 in
1136 2131 1208 2212 ejus
1230 2151 1404 2210 amorem3

287 2234 403 2288 cetera
425 2235 504 2308 post
527 2233 674 2289 mortem
697 2221 896 2308 spectantur
918 2234 955 2288 ut
982 2223 1106 2298 aliena,
1126 2245 1212 2307 quae
1235 2225 1313 2308 quia
1336 2243 1406 2288 non

287 2319 411 2382 amoris
430 2319 500 2400 ejus
517 2328 608 2394 sunt,
627 2319 718 2401 ejicit
741 2319 854 2392 domo.
900 2317 939 2382 ln
958 2319 1078 2400 spiritu
1097 2318 1245 2382 hominis
1268 2319 1403 2395 dicitur,

287 2413 365 2496 quia
380 2413 485 2477 homo
501 2414 584 2477 vivit
600 2415 738 2496 spiritus
755 2423 833 2496 post
849 2421 1008 2476 mortem.

340 2523 431 2592 114.
460 2508 544 2573 Idea
569 2510 612 2574 de
635 2509 729 2574 bono
757 2509 849 2592 quod
874 2508 1055 2572 charitatis
1081 2517 1117 2572 et
1143 2509 1186 2572 de
1208 2529 1292 2572 vero
1313 2510 1406 2592 quod

287 2598 375 2677 fidei,
399 2601 533 2665 formari
560 2610 677 2684 potest
700 2621 745 2666 ex
768 2599 850 2664 solis
877 2599 952 2664 luce
976 2611 1012 2664 et
1036 2601 1160 2664 calore.
1206 2599 1295 2676 Lux,
1319 2621 1406 2684 quae

287 2696 442 2777 procedit
458 2717 479 2759 a
493 2695 577 2771 sole,
592 2715 668 2760 cum
687 2691 868 2777 conjuncta
883 2704 937 2758 est
957 2694 1072 2769 calori,
1085 2694 1175 2776 quod
1192 2693 1230 2758 fit
1250 2705 1406 2778 tempore

287 2791 375 2853 veris
390 2800 427 2855 et
445 2793 600 2866 aestatis,
620 2801 701 2854 tunc
721 2790 836 2854 omnia
851 2787 983 2852 telluris
998 2789 1194 2871 germinant
1210 2799 1245 2852 et
1261 2787 1405 2867 fiorent;

288 2893 324 2946 at
348 2903 425 2948 cum
448 2884 482 2946 in
509 2884 585 2947 luce
611 2902 680 2946 non
707 2893 760 2947 est
790 2882 894 2959 calor,
920 2891 957 2946 ut
984 2891 1139 2964 tempore
1169 2881 1299 2958 hiemis,
1324 2893 1405 2946 tunc

288 2979 403 3040 omnia
419 2976 550 3041 telluris
563 2987 703 3061 torpent
718 2986 754 3042 et
770 2977 998 3040 emoriuntur:
1023 2977 1128 3040 etiam
1145 2975 1206 3039 lux
1223 2975 1407 3060 spiritualis

288 3080 342 3134 est
361 3091 478 3134 verum
497 3070 585 3146 fidei,
602 3083 638 3136 et
654 3071 747 3136 calor
766 3069 947 3154 spiritualis
962 3079 1016 3134 est
1035 3089 1140 3134 amor.
1186 3067 1243 3132 Ex
1260 3067 1313 3130 his
1328 3068 1407 3132 idea

288 3165 424 3229 formari
442 3175 558 3248 potest
578 3166 621 3229 de
640 3165 777 3228 homine
796 3165 972 3240 ecclesiae,
986 3163 1095 3248 qualis
1110 3163 1168 3226 ille
1187 3173 1251 3236 est,
1268 3160 1407 3244 quando

289 3259 379 3342 apud
402 3259 497 3324 ilium
520 3257 701 3342 conjundta
724 3269 778 3324 est
801 3258 884 3322 fides
906 3258 1078 3334 charitati,
1099 3257 1190 3340 quod
1217 3275 1340 3338 nempe
1363 3255 1408 3318 sit

290 3356 377 3420 sicut
390 3354 510 3420 hortus
525 3365 561 3418 et
577 3354 772 3437 paradisus3
796 3365 832 3418 et
845 3353 954 3437 qualis
970 3352 1038 3428 ille,
1052 3352 1190 3435 quando
1206 3351 1295 3433 apud
1312 3351 1408 3414 illum

290 3469 359 3513 non
378 3447 558 3532 conjuncta
576 3459 630 3513 est
653 3445 737 3512 fides
760 3447 930 3524 charitati,
950 3447 1042 3531 quod
1061 3447 1106 3510 sit
1125 3447 1212 3510 sicut
1231 3446 1407 3509 desertum

290 3555 326 3609 et
343 3555 434 3610 terra
449 3545 526 3608 nive
542 3541 686 3626 objecta.

347 3659 440 3728 115.
469 3643 686 3708 Confidentia
704 3663 763 3708 seu
781 3641 915 3717 fiducia,
932 3661 1019 3725 quae
1042 3641 1166 3705 dicitur
1183 3638 1271 3714 fidei,
1292 3647 1328 3703 et
1347 3659 1409 3702 vo·

292 3749 388 3803 catur
410 3740 484 3820 ipsa
507 3737 590 3802 fides
618 3737 765 3811 salvans,
791 3746 936 3800 nonest
960 3733 1169 3798 confidentia
1199 3753 1257 3796 seu
1288 3731 1411 3797 fiducia

292 3833 475 3916 spiritualis
494 3833 554 3897 sed
574 3831 749 3906 naturalis,
770 3849 847 3894 cum
866 3840 920 3894 est
938 3828 1043 3892 solius
1062 3827 1149 3891 fidei.
1195 3823 1412 3891 confidentia

292 3949 351 3992 seu
370 3925 492 3992 fiducia
514 3925 699 4010 spiritualis
721 3925 909 3990 essentiam
932 3933 968 3988 et
987 3924 1094 3987 vitam
1119 3941 1214 3985 suam
1237 3921 1343 3985 habet
1365 3939 1412 3984 ex

291 4025 383 4088 bono
399 4023 534 4097 amoris,
549 4041 618 4086 non
630 4031 747 4085 autem
760 4041 780 4084 a
792 4039 874 4084 vero
890 4017 968 4082 fidei
981 4027 1160 4100 separatae
1173 4037 1180 4094 ;
1204 4013 1412 4079 confidentia

292 4116 369 4181 fidei
393 4126 572 4200 separatae
601 4124 655 4180 est
678 4123 833 4192 mortua;
867 4121 1075 4196 quapropter
1097 4130 1178 4173 vera
1205 4106 1413 4172 confidentia

293 4232 361 4276 non
380 4211 503 4275 dabilis
522 4219 576 4275 est
594 4209 685 4292 apud
703 4209 781 4272 illos
799 4209 855 4292 qui
873 4209 980 4270 vitam
1003 4205 1129 4269 malam
1153 4213 1280 4286 agunt:
1307 4203 1413 4267 etiam

293 4306 500 4372 confidentia
516 4307 607 4389 quod
619 4305 766 4369 salvatio
782 4305 826 4367 sit
843 4311 982 4386 propter
995 4301 1153 4365 meritum
1170 4297 1307 4362 Domini
1323 4297 1413 4380 apud

294 4401 442 4479 Patrem,
466 4411 639 4483 utcunque
662 4399 734 4463 vita
761 4397 909 4462 hominis
932 4395 1053 4471 iuerat,
1077 4414 1140 4459 nec
1168 4403 1221 4457 est
1248 4413 1294 4456 ex
1321 4411 1412 4455 vero.

294 4493 424 4560 Omnes
450 4495 507 4578 qui
536 4496 570 4560 in
601 4493 767 4579 spirituaii
797 4491 864 4556 fide
890 4499 982 4567 sunt,
1009 4487 1253 4553 confidentiam
1283 4485 1413 4549 habent

293 4589 384 4675 quod
404 4589 615 4655 salventura
634 4588 795 4664 Domino,
808 4586 953 4652 credunt
972 4585 1063 4650 enim
1082 4581 1174 4666 quod
1195 4580 1361 4645 Dominus
1379 4579 1412 4641 in
