3338 5300
354 715 559 768 ECCLESIAE
577 717 872 783 ANTIQUISSIMAE
889 719 1211 770 Decumum-N.
1229 721 1278 788 ²9·
1339 722 1380 788 39

326 895 397 963 09·
425 881 490 954 (iii.)
516 883 636 946 Tertius
648 889 751 948 rietur
764 884 853 967 hujus
873 883 1045 959 Ecclesiae,
1059 886 1113 970 pm·
1130 891 1182 950 eet
1200 886 1267 968 ejue
1280 886 1380 950 lieelr'·

265 977 346 1040 neth
359 984 394 1041 et
407 976 539 1058 lespera
553 983 587 1039 el
600 983 726 1040 vocetur·
741 977 884 1050 larario,
896 979 1095 1042 describitur
1107 980 1139 1042 in
1154 981 1256 1042 tertio
1268 981 1379 1061 capite

267 1072 433 1148 Geneseos,
453 1091 512 1155 per
530 1073 633 1136 haec:

314 1217 1379 1350 “*stallis{tibiatis‘'bftntlitz‘ttsttl‘bid

394 1349 456 1400 Non
468 1351 615 1400 comedetis
624 1351 658 1400 de
670 1351 744 1400 omni
756 1353 851 1400 arbore
862 1323 951 1401 bertii
999 1351 1120 1414 Cumque
1129 1352 1228 1402 diceret
1239 1352 1334 1402 mulier
1346 1327 1379 1402 ad

394 1425 555 1479 serpentem,
572 1416 613 1467 De
629 1413 828 1465 irudtuarboris
867 1412 930 1480 orti]
938 1417 1110 1466 comedemus
1121 1431 1127 1476 ;
1139 1425 1243 1466 tantum
1250 1417 1283 1466 de
1290 1415 1379 1467 irudiu

393 1482 496 1530 arboris
514 1480 626 1544 quaein
644 1481 733 1529 medio
752 1477 834 1546 [horti
865 1481 932 1530 dixit
950 1481 1032 1541 Deus,
1053 1481 1114 1531 Non
1132 1482 1278 1532 comedetis
1295 1483 1328 1532 de
1346 1497 1379 1531 eo

394 1561 480 1610 neque
492 1545 608 1608 tangetis
620 1559 681 1594 eum
700 1561 734 1594 ne
746 1545 914 1605 moriamini:
937 1546 1004 1596 dixit
1015 1561 1127 1609 serpens
1129 1582 1213 1606 .....
1226 1547 1286 1596 Non
1300 1549 1379 1596 mori-

393 1611 476 1661 emini
487 1626 493 1666 ;
506 1607 594 1674 quial¹l
602 1611 678 1660 novit
687 1609 761 1660 Deus
769 1611 839 1674 quod
847 1611 950 1674 quodie
958 1612 1126 1661 comederitis
1135 1613 1218 1671 deeo,
1227 1612 1380 1675 aperientur

394 1677 463 1726 oculi
475 1675 566 1734 vestri,
580 1685 606 1725 et
618 1675 692 1725 eritis
703 1677 772 1726 sicut
790 1675 872 1734 Deus,
886 1676 1001 1726 scientes
1013 1678 1113 1726 bonum
1123 1685 1150 1726 et
1162 1677 1270 1727 malum.
1306 1677 1379 1728 Vidit

393 1741 482 1804 itaque
493 1741 590 1790 mulier
601 1741 672 1804 quod
683 1742 756 1790 bone
767 1743 848 1790 arbor
859 1741 886 1790 in
898 1741 996 1800 cibum,
1010 1751 1037 1791 et
1048 1741 1120 1806 quod
1131 1743 1283 1806 appetibilis
1294 1743 1378 1792 oculis

393 1821 424 1856 ac
432 1806 615 1856 desiderabilis
624 1807 659 1854 ad
667 1806 785 1855 dandum
794 1803 959 1856 intellectum
968 1821 975 1866 ;
987 1807 1048 1856 ideo
1057 1807 1172 1870 sumpsit
1180 1807 1213 1856 de
1223 1805 1310 1856 lruliu
1319 1807 1378 1870 ejus

393 1882 420 1922 et
431 1871 562 1921 comedit:
580 1871 705 1935 deditque
717 1871 775 1920 viro
787 1886 837 1920 suo
848 1885 948 1931 secum,
962 1873 1007 1935 qui
1019 1871 1156 1922 comedit''
1168 1872 1248 1936 (vers.
1262 1871 1327 1936 1-6).

264 2024 364 2108 Quod
383 2025 565 2090 declinatio
585 2047 605 2089 a
628 2025 701 2090 luce
719 2027 752 2089 in
771 2027 923 2090 umbram
941 2047 1112 2109 vesperae,
1132 2027 1197 2092 hoc
1215 2039 1279 2104 est,
1299 2049 1377 2111 pro-

264 2121 376 2202 lapsus
405 2141 425 2182 a
453 2121 619 2202 sapientia
651 2139 690 2183 ac
723 2121 932 2203 integritate,
962 2122 1011 2185 ita
1039 2131 1149 2185 status
1178 2125 1378 2186 vastationis

264 2214 359 2295 hujus
379 2213 563 2288 Ecclesiae,
583 2234 642 2297 per
664 2213 722 2276 illa
740 2215 957 2292 describatur,
975 2226 1027 2278 est
1050 2217 1128 2297 quia
1150 2236 1195 2279 ex
1218 2237 1269 2290 eo,
1287 2219 1377 2300 quod

264 2308 367 2371 homo
393 2305 499 2370 fartus
525 2309 568 2371 sit
593 2307 804 2372 “similitudo
831 2308 918 2371 Dei”
942 2309 1017 2390 (per
1043 2329 1143 2392 quam
1171 2309 1379 2390 significatur

263 2403 458 2465 omnimoda
485 2403 682 2484 apparentia
711 2403 801 2485 quod
831 2403 962 2484 cogitet
991 2402 1049 2465 illa
1077 2423 1163 2485 quae
1193 2405 1377 2485 sapientiae

264 2505 342 2559 sunt
372 2516 411 2560 ac
430 2495 512 2558 velit
530 2495 588 2558 illa
606 2515 692 2578 quae
710 2497 832 2559 amoris
850 2506 928 2559 sunt
947 2517 968 2559 a
986 2517 1033 2572 se,
1053 2497 1139 2560 sicut
1159 2497 1262 2572 Deus,
1282 2498 1376 2561 vide-

264 2601 339 2653 atur
364 2609 472 2671 supra,
497 2609 528 2652 n.
552 2589 619 2672 26),
644 2589 785 2653 credidit
812 2591 961 2672 serpenti
987 2590 1077 2672 quod
1105 2587 1161 2672 [si]
1189 2591 1305 2654 ederet
1332 2612 1376 2654 ex

264 2683 323 2747 illa
344 2683 463 2747 arbore
485 2681 579 2747 fieret
603 2684 688 2746 sicut
712 2683 814 2759 Deus,
835 2695 869 2748 et
892 2685 939 2748 sic
962 2705 1094 2767 quoque
1118 2684 1219 2758 Deus,
1240 2687 1378 2748 sciendo

264 2777 389 2840 bonum
402 2787 437 2840 et
453 2776 588 2840 malum.
633 2777 696 2840 Per
709 2782 728 2810 ‘⁴
737 2777 891 2840 arborem
900 2777 915 2802 ”
927 2777 1013 2840 hanc
1027 2776 1233 2859 significatur
1245 2789 1379 2842 natura·

265 2871 305 2934 lis
323 2871 426 2935 homo
444 2880 618 2952 separatus
635 2891 656 2933 a
678 2869 859 2953 spirituali;
888 2872 954 2953 qui,
974 2871 1054 2934 dum
1073 2871 1134 2935 sibi
1156 2868 1291 2935 restitus
1310 2883 1374 2946 est,

265 2985 332 3028 non
351 2965 448 3028 aliter
466 2965 582 3028 credit.

328 3057 440 3123 Cuivis
463 3057 592 3120 homini
618 3067 670 3122 est
698 3077 793 3121 mens
820 3057 981 3122 naturalis
1006 3068 1042 3122 et
1069 3077 1165 3134 mens
1187 3059 1377 3140 spiritualis,

264 3150 443 3216 distinctae
466 3154 553 3215 inter
579 3153 724 3216 sesicut
747 3152 834 3216 duae
856 3153 1048 3216 mansiones
1070 3153 1165 3215 unius
1188 3153 1318 3228 domus,
1342 3163 1377 3217 et

265 3243 463 3327 conjunctae
476 3266 535 3329 per
547 3245 655 3308 scalas
669 3267 677 3324 3
701 3247 734 3309 in
750 3245 842 3327 cujus
855 3247 1023 3328 superiore
1035 3247 1209 3309 mansione
1221 3245 1378 3310 habitant

264 3341 365 3404 herus
388 3351 422 3404 et
445 3339 526 3403 hera
549 3359 625 3404 cum
648 3341 715 3402 suis
738 3339 861 3414 liberis,
880 3340 913 3402 in
936 3339 1089 3403 inleriore
1107 3348 1221 3402 autem
1245 3339 1377 3403 illorum

266 3435 352 3498 servi
378 3443 413 3497 et
439 3433 581 3500 ancillae
607 3453 683 3497 cum
710 3433 918 3496 mediastinis
944 3431 1026 3496 aliis.
1072 3431 1171 3496 Mens
1198 3435 1378 3515 spiritualis

265 3529 353 3611 apud
380 3527 563 3602 hominem,
587 3549 608 3590 a
634 3529 814 3590 nativitate
837 3547 941 3609 usque
967 3527 1000 3589 in
1027 3527 1168 3609 primam
1192 3527 1378 3608 pueritiam,

265 3621 400 3685 occlusa
425 3632 498 3700 est;
533 3640 629 3685 mens
655 3631 768 3685 autem
795 3619 976 3703 spiritualis
1001 3641 1023 3684 a
1048 3621 1153 3702 prima
1180 3619 1237 3683 illa
1263 3629 1378 3683 aetate

265 3715 474 3797 pedetentim
491 3717 655 3798 aperitur;
679 3715 760 3778 data
775 3715 864 3777 enim
880 3723 933 3777 est
952 3714 1055 3776 cuivis
1070 3713 1198 3777 homini
1216 3733 1236 3776 a
1255 3715 1377 3776 nativi·

265 3819 337 3873 tate
360 3808 512 3883 facultas,
535 3829 574 3873 ac
598 3819 718 3892 postea
741 3809 905 3891 potentia,
930 3807 1069 3890 parandi
1096 3808 1158 3872 sibi
1184 3807 1292 3870 scalas
1319 3827 1378 3889 per

265 3923 346 3986 quas
368 3903 531 3966 ascendat
558 3913 593 3967 et
620 3903 776 3985 loquatur
802 3921 877 3965 cum
905 3901 988 3965 hero
1014 3910 1049 3965 et
1077 3899 1169 3976 hera,
1192 3921 1231 3964 ac
1259 3911 1379 3982 postea

265 3997 450 4061 descendat
473 4007 508 4061 et
531 3996 663 4060 illorum
686 3996 847 4060 mandata
864 4005 1088 4078 exsequatur;
1118 3994 1202 4058 haec
1225 3995 1379 4076 potentia

265 4092 312 4156 illi
330 4092 412 4155 data
430 4101 482 4156 est
505 4112 564 4174 per
582 4091 698 4155 dotem
718 4089 811 4154 liberi
830 4089 956 4153 arbitrii
975 4091 1007 4152 in
1027 4088 1261 4172 spiritualibus.
1306 4087 1377 4150 Ve-

264 4205 337 4249 rum
370 4187 460 4248 enim
492 4207 583 4261 vero,
614 4203 715 4248 nemo
748 4193 864 4266 potest
893 4183 1076 4248 ascendere
1108 4183 1141 4245 in
1174 4183 1377 4263 superiorem

265 4279 484 4354 mansionem,
501 4299 560 4362 per
575 4298 675 4362 quam
691 4277 890 4359 intelligitur
906 4297 1001 4340 mens
1016 4275 1205 4359 spiritualis,
1220 4277 1282 4339 nisi
1297 4275 1378 4338 edat

264 4393 309 4438 ex
331 4373 503 4437 arboribus
525 4372 615 4436 vitae
638 4373 671 4435 in
693 4373 793 4436 horto
816 4370 889 4434 Dei.
935 4371 996 4434 Per
1018 4389 1111 4434 esum
1134 4369 1222 4433 enim
1245 4389 1290 4432 ex
1315 4367 1377 4443 his,

264 4467 368 4531 homo
391 4465 596 4530 illuminatur
618 4475 653 4530 et
676 4467 875 4549 integratur,
899 4474 935 4528 et
958 4464 1104 4546 concipit
1127 4463 1238 4538 tidem,
1262 4471 1297 4526 et
1319 4482 1379 4545 per

265 4562 483 4626 nutritionem
513 4581 558 4624 ex
588 4557 747 4625 fruftibus
776 4559 908 4624 illarum
937 4558 1061 4642 accipit
1090 4557 1256 4634 fiduciam,
1287 4557 1378 4640 quod

263 4655 516 4721 omnebonum
543 4656 587 4720 sit
614 4675 634 4720 a
661 4655 808 4719 Domino
834 4653 889 4737 qui
915 4661 968 4718 est
995 4651 1109 4718 Arbor
1135 4651 1249 4728 Vitae,
1274 4661 1309 4716 et
1337 4670 1379 4714 ne
