3338 5300
353 715 558 769 ECCLESIAE
573 715 839 768 ISRAELITICAE
854 715 996 769 STATUS
1011 715 1237 769 Patrius-N.
1253 721 1304 787 49.
1351 719 1390 787 59

266 885 357 950 nium
370 884 439 967 ejus
451 885 583 969 prolum
596 885 706 950 Pater.
743 885 806 950 Per
820 885 1033 950 “Dominum
1045 885 1214 968 Jehovih’'
1226 885 1387 969 intelligi·

269 999 343 1046 mus
362 980 546 1045 Dominum
565 979 779 1045 Salvatorem
799 991 834 1044 et
854 979 1124 1064 Redemptorem
1136 991 1303 1061 nostrunu
1322 980 1388 1047 Hic

264 1075 355 1158 apud
370 1075 553 1152 Danielem,
567 1085 603 1140 et
615 1077 705 1158 apud
723 1075 912 1159 Prophetas
926 1073 1101 1159 [reliquos]
1116 1075 1233 1153 ubivis,
1247 1087 1389 1142 vocatur

269 1169 467 1234 “Dominus
481 1170 653 1253 Jehovih.''
938 1231 942 1242 ,

325 1280 401 1348 49·
431 1265 646 1349 Propositum
670 1285 772 1348 supra
798 1275 853 1330 est
883 1266 974 1348 quod
1005 1265 1131 1348 primus
1157 1274 1268 1330 status
1297 1267 1387 1351 apud

264 1357 350 1424 filios
369 1359 503 1424 Israelis
522 1360 619 1424 luerit
639 1359 821 1443 Apparitio
841 1359 980 1424 Domini
996 1360 1151 1442 Jehovih,
1170 1359 1331 1438 Vocatio,
1351 1373 1387 1428 et

265 1452 546 1534 Conioederatio;
570 1464 606 1518 et
625 1475 669 1518 ex
690 1453 807 1518 Verbo
825 1455 985 1518 discimus
1003 1455 1093 1538 quod
1117 1455 1182 1518 tria
1200 1453 1291 1518 haec.
1305 1455 1387 1518 data

264 1549 332 1612 sint
351 1550 460 1632 primo
478 1549 567 1632 apud
583 1547 785 1626 Abramum,
803 1548 954 1613 secundo
969 1549 1058 1632 apud
1078 1548 1211 1625 Mosen,
1228 1559 1264 1613 et
1283 1550 1386 1614 tertio

264 1644 354 1726 apud
373 1645 564 1708 universum
583 1644 754 1727 populum.
800 1643 1139 1727 ApparitioDomini
1161 1644 1307 1728 Jehovih
1327 1663 1385 1709 co·

263 1757 336 1802 ram
354 1735 581 1802 Abrahamoffl
600 1739 801 1803 describitur
820 1740 854 1802 in
876 1737 1003 1816 Genesi,
1021 1739 1091 1803 ita:

315 1869 462 1937 “Jebovab
479 1872 602 1935 apparuit
619 1871 776 1922 Abrahamo
796 1873 824 1922 in
842 1871 1004 1934 planitiebus
1022 1871 1143 1934 iiamre;
1170 1872 1213 1922 iiie
1233 1873 1331 1923 sedens
1351 1875 1385 1924 ad

394 1939 494 1988 ostium
511 1937 619 1988 tentorii
640 1939 681 1988 sui
684 1971 767 1996 .....
778 1953 891 2002 cumque
909 1938 1014 1988 tolieret
1031 1938 1123 1988 oculos
1141 1953 1205 1988 suos
1225 1947 1252 1988 et
1272 1939 1382 1998 videret,

393 2017 455 2053 ecce
473 2013 527 2052 tres
539 2003 595 2053 Viri
613 2005 721 2052 stabant
739 2017 822 2068 prope
840 2003 931 2060 ilium;
957 2018 1024 2068 quos
1042 2018 1102 2053 cum
1121 2003 1235 2067 primunt
1252 2004 1327 2062 vidit,
1342 2019 1385 2054 cu-

393 2069 474 2118 currit
490 2069 598 2118 obviam
616 2069 682 2132 ipsis
699 2069 734 2117 ab
750 2069 821 2118 ostio
837 2069 954 2126 tentorii,
971 2078 1001 2119 et
1017 2069 1166 2119 incurvavit
1183 2084 1213 2119 se
1230 2069 1257 2119 in
1276 2079 1381 2120 terram.

394 2133 483 2198 Atque
499 2134 575 2194 dixit,
589 2134 706 2193 Adonai,
720 2133 743 2184 si
761 2134 851 2184 inveni
870 2135 985 2198 gratiam
1003 2135 1031 2184 io
1048 2135 1132 2185 oeulis
1149 2135 1211 2194 tuis,
1231 2150 1266 2186 ne
1282 2150 1382 2200 quaeso

392 2207 516 2250 transeas
527 2209 633 2264 praeter
644 2214 751 2250 servum
764 2208 839 2250 tuum
848 2199 863 2219 ”
875 2199 942 2264 (cap.
954 2199 1027 2250 xviii.
1040 2212 1095 2262 1-3,
1107 2199 1184 2265 seq.).

213 2365 218 2374 ·
264 2327 349 2392 Erat
365 2327 531 2392 Dominus
547 2337 664 2392 noster
679 2326 848 2404 Salvator,
862 2328 918 2411 qui
936 2329 970 2391 in
986 2327 1110 2391 Divina
1126 2347 1185 2390 sua
1201 2327 1381 2402 Trinitate,

262 2442 365 2506 quarn
377 2432 448 2488 tres
459 2421 574 2504 angeli
588 2423 903 2505 repraesentabant,
917 2423 1091 2505 apparuit;
1115 2440 1194 2486 nam
1206 2421 1294 2486 dixit
1310 2422 1382 2486 Do-

265 2519 385 2594 minus,

312 2647 331 2672 ⁴⁴
340 2645 477 2697 Abrabam
488 2683 495 2696 .
507 2682 514 2696 .
526 2683 533 2696 .
545 2683 552 2696 .
563 2645 692 2695 exultavit
703 2653 732 2695 ut
744 2645 847 2695 videret
856 2645 927 2695 diem
940 2657 1039 2699 meum,
1051 2659 1082 2694 ac
1094 2645 1160 2694 vidit
1171 2653 1198 2694 et
1209 2645 1318 2722 gavisus
1330 2655 1379 2694 est.

392 2710 786 2843 ..fignfflerssfiiaostbe’ngsssico
806 2711 893 2770 vobis,
916 2710 1075 2775 Priusquam
1095 2709 1232 2762 Abraham
1253 2709 1303 2760 iurt
1324 2709 1381 2774 Ego

262 2902 327 2967 Est
349 2903 383 2966 in
403 2901 552 2966 Domino
571 2901 694 2966 Divina
712 2901 881 2981 Trinitas;
914 2910 949 2967 et
972 2901 1096 2964 Divina
1114 2899 1240 2966 Unitas
1263 2901 1295 2964 in
1319 2899 1379 2964 Di-

262 2998 340 3060 vina
365 2996 536 3060 Trinitate
562 2993 845 3080 repraesentatam
870 3005 925 3060 est
951 3015 1011 3078 per
1038 2999 1140 3060 “tres
1166 2993 1299 3072 Viros,”
1324 2996 1379 3078 qui

261 3093 365 3156 etiam
384 3087 465 3155 dieti
483 3099 563 3155 sunt

649 3173 794 3238 “timii'’
806 3173 879 3238 (Gen.
893 3175 946 3226 xix.
960 3173 991 3237 1).

261 3302 302 3368 in
321 3301 445 3366 Divina
460 3312 575 3366 autem
594 3321 655 3364 sua
674 3299 819 3366 Unitate
838 3297 947 3364 didius
965 3309 1020 3366 est

283 3515 298 3570 t
338 3513 352 3568 t
530 3435 720 3500 “Adonem''
732 3435 805 3498 (Gen.
817 3436 889 3488 xviii.
901 3449 933 3498 3;
949 3436 1073 3500 eapaix.
1086 3437 1142 3500 rii:

261 3527 281 3569 u
316 3525 335 3569 e

311 3629 481 3699 “Jehovair”
490 3631 645 3695 (persaepe;
663 3625 749 3696 [vide]
762 3630 822 3682 Gen.
833 3630 907 3681 xviii.
921 3641 960 3691 13,
974 3643 1012 3690 14,
1026 3641 1065 3691 17,
1078 3641 1116 3695 19,
1128 3642 1169 3690 ao,
1182 3642 1221 3690 aa,
1234 3630 1274 3690 16,
1287 3629 1337 3694 sat

260 3760 443 3844 Apparitio
462 3758 599 3823 Domini
618 3757 761 3841 Jehovih
781 3777 896 3822 coram
913 3757 1010 3822 Mose
1029 3758 1229 3823 describitur
1251 3759 1284 3823 in
1303 3757 1377 3822 Ex-

259 3860 329 3935 odo,
349 3861 415 3924 ita:

311 3981 464 4048 “Apparuit
471 3981 592 4044 Angelus
598 3979 718 4046 Jebovae
727 3979 1029 4030 Mosi”admontemad
1037 3979 1198 4038 Cborebum,
1210 3980 1261 4030 “in
1270 3979 1377 4030 flamme

390 4047 460 4162 ighnlis
472 4061 487 4096 e
499 4047 588 4096 medio
600 4047 689 4160 rubi.¹²
704 4083 728 4098 ..
741 4083 748 4096 .
760 4083 767 4096 .
804 4043 878 4095 Dixit
890 4045 1092 4160 iuqussuffm'
1104 4045 1230 4160 {ecedagr
1243 4046 1377 4160 etigidebo

389 4125 954 4260 tntt‘tlsstuteurttttttjt
971 4110 1377 4226 titubantis

389 4242 506 4293 emedio
518 4243 584 4300 rubr,
599 4251 626 4291 et
637 4242 712 4301 dixit,
758 4257 814 4300 ose,
830 4241 927 4291 Mose.¹
1056 4239 1090 4290 Et
1102 4255 1191 4304 porro,
1203 4241 1270 4290 dixit
1283 4239 1376 4290 Moses

390 4310 425 4358 ad
443 4307 539 4367 Deum,
556 4307 726 4371 “Quodnam
745 4321 844 4356 nomen
862 4307 970 4357 Tuum?
986 4305 1133 4358 ....Dixit
1146 4305 1219 4356 Deus
1221 4341 1304 4365 .....
1316 4305 1376 4356 Suu

389 4385 439 4433 Qut
456 4374 526 4423 Suu.
667 4372 710 4422 Sic
727 4373 799 4422 dicet
818 4371 877 4422 filiis
896 4371 1012 4432 Israelis,
1031 4371 1093 4422 Suu
1110 4371 1184 4422 misit
1200 4371 1288 4422 mend
1304 4371 1376 4422 vot”

389 4439 482 4502 (ΕΜ.
493 4439 528 4489 iii.
542 4435 592 4504 [1,]
604 4451 660 4498 2—4,
670 4453 737 4502 seq„
751 4450 789 4498 14,
799 4435 876 4502 seq.).

259 4561 442 4647 Apparitio
461 4562 598 4627 Domini
620 4562 765 4645 Jehovih
789 4581 905 4626 coram
928 4571 1005 4626 toto
1028 4559 1157 4644 Populo
1176 4559 1375 4626 describitur

259 4659 363 4722 etiam
382 4659 417 4721 in
435 4657 564 4734 Exodo,
583 4657 650 4722 ita:
