3352 5298
264 663 329 748 ‘5⁶
488 715 489 720 ,
611 679 662 730 oa
685 677 790 731 nova
813 677 1090 732 uranosouvnn

285 857 380 913 amat
403 847 462 912 illa
481 857 620 930 propter
639 869 685 924 se,
706 849 734 912 is
757 867 826 912 non
845 858 939 912 amat
958 847 1017 912 illa
1035 845 1136 911 aliter
1153 865 1254 930 quam
1273 845 1406 910 famuli·

286 945 346 1034 tia,
370 943 447 1026 quia
470 944 621 1006 serviunt
645 943 727 1006 sibi:
763 942 842 1006 inde
864 943 1016 1024 sequitur
1038 940 1129 1024 quod
1152 941 1207 1024 qui
1234 941 1268 1004 in
1291 960 1407 1004 amore

286 1039 335 1102 sui
352 1047 417 1112 est,
431 1037 514 1100 velit
532 1046 568 1100 ut
584 1036 740 1110 ecclesia,
753 1037 873 1118 patria,
883 1036 1070 1100 societates
1086 1035 1265 1111 humanae,
1274 1044 1310 1098 et
1323 1053 1406 1097 con-

167 1214 170 1218 ·
285 1133 388 1206 cives,
409 1132 559 1194 serviant
578 1130 652 1206 sibi,
672 1139 708 1194 et
728 1149 796 1193 non
816 1130 843 1192 is
861 1128 949 1208 illis;
973 1129 1070 1212 ponit
1088 1149 1126 1192 se
1144 1148 1246 1211 supra
1264 1127 1354 1203 illos,
1370 1136 1407 1190 et

285 1226 363 1290 illos
379 1225 463 1289 infra
479 1245 525 1289 se.

344 1335 416 1404 7ο.
445 1321 560 1396 Porro,
577 1315 745 1402 quantum
764 1320 839 1402 quis
857 1319 890 1382 in
906 1339 1023 1384 amore
1039 1318 1182 1382 caelesti
1198 1327 1263 1392 est,
1280 1317 1337 1401 qui
1351 1325 1406 1380 est

285 1431 400 1477 amare
416 1433 494 1477 usus
513 1423 548 1477 et
567 1413 668 1488 bona,
686 1419 722 1476 et
738 1411 826 1475 affici
840 1411 990 1493 jucundo
1008 1411 1120 1476 cordis
1136 1429 1213 1474 cum
1231 1409 1290 1474 illa
1309 1427 1406 1492 prae·

286 1516 368 1581 stat,
386 1517 521 1570 tantum
546 1507 680 1570 ducitur
698 1525 718 1569 a
742 1505 901 1578 Domino,
919 1505 997 1589 quia
1015 1504 1073 1570 ille
1092 1524 1187 1568 amor
1205 1514 1259 1568 est
1282 1505 1317 1568 in
1340 1524 1406 1586 quo

286 1599 375 1683 lpse,
393 1612 428 1664 et
447 1602 503 1684 qui
521 1601 566 1664 ab
585 1600 684 1683 Ipso:
708 1609 745 1664 at
764 1609 930 1682 quantum
948 1599 1069 1682 aliquis
1088 1599 1121 1662 in
1137 1617 1254 1663 amore
1273 1599 1324 1662 sui
1339 1607 1404 1674 est,

285 1705 420 1760 tantum
438 1695 572 1758 ducitur
586 1715 607 1757 a
622 1703 732 1757 semet
745 1714 752 1772 ;
777 1703 812 1758 et
828 1703 993 1776 quantum
1006 1694 1140 1758 ducitur
1155 1714 1176 1756 a
1191 1701 1313 1766 semet,
1327 1701 1405 1756 tan·

286 1799 360 1853 tum
383 1789 517 1852 ducitur
538 1809 559 1851 a
585 1789 720 1871 proprio
746 1808 818 1863 suo,
839 1807 878 1850 ac
902 1788 1072 1872 proprium
1089 1787 1236 1850 hominis
1260 1805 1328 1850 non
1351 1795 1405 1850 est

286 1883 349 1946 nisi
368 1902 469 1964 quam
489 1882 626 1958 malum,
637 1891 690 1945 est
707 1883 797 1945 enim
815 1881 941 1944 malum
960 1881 1031 1964 ejus
1050 1881 1302 1956 hereditarium,
1314 1877 1405 1964 quod

286 1987 339 2042 est
358 1997 395 2041 se
411 1997 526 2041 amare
542 1997 623 2060 prae
639 1977 725 2052 Deo,
740 1986 775 2040 et
793 1976 954 2040 mundum
974 1997 1054 2060 prae
1069 1975 1178 2040 caelo.
1386 1975 1389 1980 ’

345 2082 410 2152 71.
440 2069 553 2133 Amor
567 2070 618 2131 sui
634 2069 739 2132 etiam
755 2069 835 2132 talis
853 2077 918 2142 est,
936 2077 973 2132 ut
991 2077 1159 2152 quantum
1175 2067 1224 2132 illi
1242 2067 1407 2131 laxantur

286 2159 389 2238 srena,
418 2161 483 2226 hoc
514 2171 577 2236 est,
606 2170 826 2225 removentur
855 2159 992 2224 vincula
1023 2170 1180 2236 externa,
1204 2150 1296 2246 =qu'ae
1325 2168 1405 2224 sunt

286 2257 426 2320 timores
439 2276 500 2338 pro
513 2255 589 2338 lege
605 2265 641 2319 et
653 2255 724 2337 ejus
740 2255 869 2339 poenis
884 2275 1011 2338 proque
1020 2251 1150 2337 jaftura
1161 2255 1282 2332 famae,
1296 2254 1406 2320 hono·

286 2351 341 2426 ris,
366 2349 459 2426 lucri,
483 2347 663 2414 functionis
686 2360 722 2414 et
745 2351 848 2423 vitae,
873 2359 1010 2414 tantum
1033 2361 1120 2424 ruat,
1144 2370 1251 2433 usque
1275 2359 1312 2414 ut
1336 2369 1406 2414 non

287 2443 391 2508 modo
406 2446 572 2528 imperare
584 2444 668 2508 velit
685 2464 786 2528 super
803 2444 997 2508 universum
1016 2454 1181 2508 terrarum
1199 2444 1328 2521 orbem,
1345 2445 1406 2508 sed

286 2539 390 2602 etiam
414 2559 514 2620 super
536 2538 679 2614 caelum,
704 2549 740 2602 et
765 2558 866 2621 super
889 2539 998 2622 ipsum
1025 2537 1206 2617 Divinum;
1240 2557 1406 2623 nusquam

286 2641 340 2698 est
364 2633 393 2696 ei
417 2633 537 2717 aliquis
557 2635 721 2698 terminus
740 2653 800 2698 seu
822 2631 908 2696 finis.
954 2632 1031 2696 Hoc
1056 2631 1142 2698 latet
1165 2634 1199 2697 in
1218 2637 1406 2716 unoquovis

286 2726 394 2809 quiin
413 2747 528 2791 amore
548 2729 598 2790 sui
617 2738 681 2803 est,
702 2727 842 2792 tametsi
861 2747 930 2791 non
946 2735 1044 2809 patet
1063 2747 1178 2791 coram
1194 2727 1333 2806 mundo,
1350 2729 1407 2792 ubi

287 2839 363 2884 eum
385 2819 476 2884 dicta
498 2821 592 2885 frena
614 2830 649 2885 et
669 2819 804 2885 vincula
826 2822 976 2885 retinent
988 2842 996 2899 ;
1020 2832 1056 2886 et
1079 2823 1218 2905 quisque
1241 2821 1331 2898 talis,
1350 2823 1406 2886 ubi

287 2915 423 2978 obviam
439 2915 477 2980 fit
494 2917 713 2998 impossibile,
728 2917 773 2980 ibi
788 2917 944 3002 subsistit
961 2937 1067 3000 usque
1082 2919 1163 2980 dum
1179 2916 1217 2981 fit
1233 2917 1406 2999 possibile.

287 3009 344 3072 Ex
363 3009 415 3072 his
434 3021 469 3074 et
489 3010 554 3075 illis
572 3020 637 3086 est,
657 3011 747 3094 quod
771 3011 886 3086 homo,
905 3011 961 3094 qui
984 3011 1018 3075 in
1037 3010 1099 3075 tali
1117 3031 1233 3075 amore
1251 3021 1316 3087 est,
1336 3031 1405 3076 non

286 3105 373 3168 sciat
391 3105 481 3186 quod
501 3104 580 3168 talis
595 3124 722 3168 vesana
740 3104 868 3187 absque
887 3104 996 3170 limite
1015 3106 1138 3188 cupido
1156 3107 1190 3169 in
1209 3105 1269 3169 illo
1285 3105 1404 3170 lateat.

287 3196 389 3280 Quod
408 3209 525 3262 tamen
542 3200 590 3262 ita
608 3200 663 3274 sit,
684 3217 785 3262 nemo
808 3219 877 3262 non
896 3209 1013 3282 potest
1032 3201 1147 3264 videre
1169 3201 1258 3282 apud
1282 3210 1405 3282 poten·

287 3301 341 3355 tes
364 3303 400 3356 et
423 3313 533 3375 reges,
557 3293 677 3376 quibus
701 3312 769 3356 non
793 3293 877 3358 talia
899 3293 1003 3370 irena,
1023 3295 1170 3370 vincula,
1190 3303 1226 3358 et
1248 3295 1406 3377 impossi-

286 3385 366 3450 bilia
395 3400 486 3460 sunt.
514 3389 570 3471 qui
599 3397 700 3450 ruunt
729 3397 765 3452 et
792 3387 976 3471 subjugant
1006 3389 1196 3472 provincias
1225 3397 1261 3453 et
1288 3409 1405 3472 regna,

286 3491 452 3566 quantum
471 3481 537 3544 illis
556 3481 720 3556 succedit,
737 3492 773 3546 et
792 3482 968 3565 adspirant
987 3484 1030 3548 ad
1053 3483 1246 3566 potentiam
1270 3493 1306 3548 et
1330 3483 1406 3566 glo·

286 3576 370 3640 riam
389 3575 478 3640 ultra
502 3576 647 3654 limites;
676 3586 711 3640 et
734 3575 845 3641 adhuc
870 3579 980 3660 magis
1002 3578 1093 3660 apud
1117 3577 1195 3641 illos
1217 3578 1273 3660 qui
1296 3577 1406 3642 domi-

287 3680 406 3734 natum
420 3671 613 3735 extendunt
629 3671 662 3734 in
679 3671 822 3745 caelum,
836 3681 871 3736 et
887 3691 1024 3736 omnem
1042 3673 1233 3754 potentiam
1247 3671 1406 3736 Divinam

286 3765 426 3829 Domini
446 3767 479 3829 in
496 3787 532 3830 se
549 3765 768 3840 transierunt,
786 3777 822 3830 et
841 3767 1004 3831 continue
1022 3768 1164 3850 cupiunt
1180 3767 1279 3830 ultra.
1428 3831 1434 3838 ,

344 3877 410 3946 72·
438 3861 525 3926 Sunt
548 3863 617 3925 duo
635 3863 777 3925 dominii
795 3883 946 3944 genera;
973 3883 1076 3926 unum
1100 3873 1154 3928 est
1175 3863 1302 3928 amoris
1324 3883 1407 3946 erga

285 3956 490 4038 proximum,
511 3965 546 4020 et
565 3955 711 4019 alterum
730 3965 783 4020 est
803 3957 927 4020 amoris
946 3957 1006 4019 sui.
1052 3955 1149 4020 Haec
1169 3958 1237 4020 duo
1256 3957 1407 4020 dominia

285 4059 366 4114 sunt
384 4050 417 4113 in
437 4070 497 4113 sua
516 4051 666 4114 essentia
681 4051 744 4114 sibi
763 4069 899 4132 prorsus
914 4051 1084 4133 opposita.
1128 4049 1194 4132 Qui
1210 4051 1408 4116 dominatur

285 4164 331 4208 ex
350 4163 466 4208 amore
484 4163 566 4226 erga
582 4145 787 4226 proximum,
804 4145 832 4208 is
848 4144 921 4208 vult
939 4145 1097 4208 omnibus
1115 4145 1253 4220 bonurn,
1270 4155 1306 4210 et
1323 4146 1406 4210 nihil

285 4237 361 4320 plus
384 4249 477 4302 amat
501 4259 602 4321 quam
629 4259 708 4302 usus
731 4249 916 4322 praestare,
940 4241 989 4303 ita
1015 4240 1140 4303 servire
1167 4239 1241 4302 aliis
1266 4239 1406 4322 (servire

285 4331 360 4396 aliis
378 4343 431 4397 est
447 4333 522 4396 aliis
540 4353 585 4396 ex
604 4332 692 4397 bene
707 4332 797 4396 velle
816 4332 1025 4410 benefacere,
1043 4343 1079 4398 et
1098 4353 1177 4396 usus
1193 4333 1383 4417 praestare)
1398 4355 1406 4413 ;

285 4423 350 4490 hoc
367 4425 438 4508 ejus
456 4445 553 4490 amor
570 4437 636 4502 est,
650 4437 685 4490 et
704 4426 770 4490 hoc
786 4425 970 4509 jucundum
986 4429 1097 4492 cordis
1113 4427 1203 4510 ejus;
1228 4429 1256 4491 is
1271 4448 1406 4512 quoque

285 4531 449 4604 quantum
473 4521 629 4585 evehitur
647 4523 690 4585 ad
714 4521 913 4604 dignitates,
933 4531 1069 4586 tantum
1092 4543 1226 4606 quoque
1245 4523 1404 4598 laetatur,

283 4635 401 4680 verum
420 4635 488 4682 non
505 4625 644 4700 propter
662 4617 861 4700 dignitates,
879 4616 939 4682 sed
959 4627 1098 4701 propter
1114 4637 1203 4695 usus,
1220 4639 1305 4702 quos
1321 4627 1404 4682 tunc
