3322 5298
677 680 799 730 innox
823 680 959 729 neren.
1317 665 1376 728 lvii

339 849 415 916 Quod
425 849 501 901 homo
511 850 542 901 sit
553 849 635 916 imago
647 857 672 900 et
682 865 802 914 organum
813 849 903 899 amoris
916 855 941 900 et
952 847 1085 914 sapientiae
1098 847 1201 898 Domini
1214 847 1251 915 (n.
1260 849 1311 911 43).

339 969 379 1020 De
389 967 484 1018 influxu
496 967 597 1017 Domini
609 967 675 1033 apud
685 967 812 1017 hominem
826 967 893 1033 (vide
904 963 1030 1033 lailotun)
1042 965 1077 1032 (u.
1091 965 1138 1029 ςι).

338 1083 413 1148 Quod
424 1083 510 1134 intima
521 1083 627 1134 hominis
639 1091 765 1149 quaesunt
776 1083 872 1132 animae
884 1083 936 1148 ejus
945 1097 1014 1131 versa
1023 1081 1071 1131 sint
1082 1096 1177 1130 sursum
1189 1080 1221 1129 ad
1234 1080 1378 1140 Dominum,

387 1160 502 1210 iuferiora
515 1159 549 1210 ad
559 1161 687 1220 muudum,
699 1169 723 1210 et
734 1158 820 1210 infima
831 1159 863 1208 ad
874 1175 913 1218 se;
933 1167 957 1208 et
968 1157 1036 1224 quod
1047 1158 1107 1207 iude
1117 1158 1148 1208 sit
1158 1157 1227 1224 quod
1238 1157 1313 1206 homo
1323 1172 1378 1207 sen-

386 1237 430 1288 tiat
439 1236 467 1287 id
477 1237 545 1304 quod
556 1236 634 1288 influit
645 1237 707 1286 sicut
718 1237 744 1286 in
755 1251 782 1286 se
796 1235 833 1305 (n.
844 1245 879 1298 71,
889 1233 942 1303 72).

338 1352 470 1419 Quomodo
481 1353 557 1406 homo
568 1353 594 1403 fit
605 1353 736 1412 rationalis,
748 1361 773 1402 et
784 1351 851 1417 apud
861 1351 931 1401 illum
944 1351 1100 1416 conjungitur
1110 1349 1222 1400 voluntis
1234 1357 1258 1400 et
1268 1348 1378 1400 intellec·

386 1437 426 1480 tus
443 1443 487 1480 sen
503 1445 573 1480 emor
590 1437 614 1480 et
630 1429 762 1496 sapientia:
781 1437 806 1478 et
821 1427 916 1496 [quod]
932 1428 968 1477 sic
984 1428 1091 1492 recipere
1108 1427 1182 1493 possit
1200 1441 1308 1476 amorem
1321 1439 1378 1476 vert

388 1507 554 1573 conjugiaiem
567 1505 603 1576 (n.
614 1515 644 1572 75
649 1505 725 1574 fin)

338 1623 379 1673 De
391 1621 531 1674 discrimine
545 1624 608 1674 inter
623 1623 714 1673 bestion
727 1630 752 1673 et
768 1621 881 1672 homiues
892 1621 924 1671 ab
937 1620 1032 1671 influxu
1043 1628 1066 1671 et
1080 1621 1132 1687 ejus
1143 1619 1283 1686 receptione
1296 1617 1333 1688 (ιι.
1344 1627 1375 1683 75

389 1705 433 1760 [ne
440 1708 492 1748 Am.
502 1707 571 1758 Cerri„
579 1720 600 1748 n.
612 1699 678 1767 1341).

257 1841 547 1896 norton-Daunum
559 1844 659 1909 quidam
673 1843 758 1894 hortus
772 1843 814 1910 qui
828 1851 929 1894 vocatum
942 1843 1064 1909 nuptialis,
1076 1857 1197 1909 apparens
1206 1842 1277 1908 juxta
1289 1841 1377 1892 domos

388 1919 431 1970 ubi
441 1918 539 1970 fuerunt
549 1919 649 1985 uupn'ae
662 1919 821 1990 (Mentorea,
834 1935 859 1970 n.
870 1920 902 1983 76
914 1927 1017 1981 [DeAm.
1030 1927 1099 1978 αιυῖ,
1107 1940 1129 1969 a
1139 1921 1205 1986 ml).

257 2243 461 2314 [moyn-Quod
478 2245 537 2296 unio
554 2247 643 2297 amoris
659 2255 684 2298 et
701 2245 834 2314 sapientiae
851 2246 918 2314 apud
934 2247 1071 2298 masculum
1088 2255 1113 2299 et
1129 2245 1247 2298 seminem
1259 2245 1333 2297 simul
1346 2247 1378 2298 sit

387 2323 470 2387 imago
482 2323 531 2372 Dei
543 2331 567 2374 et
577 2323 711 2374 similitudo
724 2325 771 2373 Der
787 2327 822 2392 (ιι.
831 2324 873 2386 46,
881 2335 922 2386 47,
936 2324 985 2388 74).

339 2447 415 2515 Quod
427 2449 511 2515 imago
525 2451 556 2500 sit
572 2447 651 2500 iormn
667 2450 787 2516 recipiens
803 2467 847 2501 seu
860 2450 1051 2516 receptaculum,
1063 2457 1087 2500 et
1100 2447 1168 2515 quod
1180 2447 1314 2500 similitudo
1328 2448 1377 2498 Dei

385 2527 417 2577 nit
432 2527 557 2593 perceptio
571 2527 637 2592 apud
653 2527 778 2578 hominem
793 2528 859 2594 quod
873 2534 930 2592 agat
942 2527 1005 2578 siout
1021 2543 1053 2576 ex
1065 2542 1101 2587 se,
1113 2527 1208 2578 temetsi
1222 2541 1253 2576 ex
1267 2525 1378 2575 Domino

389 2601 504 2671 (ullam,
513 2603 581 2665 n46
593 2608 697 2666 [neem.
706 2611 777 2662 ons„
785 2623 806 2653 ι.
818 2605 883 2670 ψῃ.

333 2741 409 2808 Quod
421 2741 504 2806 imago
516 2740 565 2791 Dei
577 2755 628 2790 non
637 2739 764 2806 deperdito
774 2739 806 2790 sit
817 2748 910 2805 aparte
922 2739 971 2789 Dei
982 2737 1049 2804 apud
1060 2737 1200 2801 hominem
1218 2739 1286 2806 quod
1295 2753 1374 2805 unque

381 2819 412 2869 eit
423 2817 507 2868 intime
519 2816 586 2882 apud
599 2816 669 2866 illum
680 2815 747 2881 quod
761 2817 837 2881 poenit
850 2815 986 2880 intelligere
997 2815 1056 2866 talia
1067 2831 1130 2881 quae
1143 2831 1159 2865 a
1173 2817 1229 2866 Deo
1240 2823 1309 2878 aunt;
1327 2815 1372 2866 ned

383 2892 451 2960 quod
461 2893 492 2943 sit
503 2891 630 2958 deperdita
641 2908 656 2942 e
667 2899 735 2958 perte
746 2891 853 2942 hominis
867 2890 904 2960 (n.
913 2890 947 2953 48
958 2897 1002 2952 [De
1010 2899 1062 2940 Am.
1075 2898 1145 2950 conj„
1153 2911 1174 2940 ιι.
1184 2889 1257 2957 ¹⁶9]);

334 2969 468 3036 Quomodo
478 2969 606 3035 deperdita
618 2968 687 3035 (mile
697 2966 787 3034 Arbor)
802 2965 838 3036 (n.
848 2967 907 3034 49);

333 3045 365 3098 ld
375 3055 500 3098 ostensum
511 3053 536 3096 et
546 3045 692 3095 illustratum
705 3043 775 3112 (vn'de
786 3041 876 3112 Arbor)
891 3041 927 3112 (ι.
937 3051 970 3108 50
981 3048 1025 3104 [ne
1033 3051 1085 3091 Am.
1095 3047 1165 3099 cons„
1174 3059 1195 3089 ι.
1205 3039 1271 3104 1351).

253 3196 552 3262 immortalitem-Quod
569 3197 645 3246 homo
658 3197 725 3246 vivan
737 3195 814 3246 homo
826 3203 882 3261 post
895 3201 1007 3256 mortem,
1018 3202 1043 3245 et
1059 3193 1113 3244 talia
1127 3201 1154 3243 ut
1166 3191 1228 3242 nihil
1241 3187 1373 3256 disperdat,

383 3284 408 3326 et
419 3273 503 3325 eredat
513 3272 580 3340 quod
592 3273 618 3322 in
629 3271 724 3322 mundo
735 3279 761 3322 ut
772 3273 838 3338 prius
851 3271 887 3341 (n.
900 3285 915 3336 3
927 3278 972 3332 [Da
979 3279 1030 3320 Am.
1042 3277 1112 3328 emt,
1121 3289 1142 3318 u.
1152 3267 1248 3336 ²⁸-31i)·

333 3400 408 3467 Quod
421 3399 470 3452 hoc
481 3401 602 3450 nesciatur
612 3399 638 3448 in
652 3397 711 3449 orbe
723 3397 869 3458 christiam,
881 3404 906 3448 et
917 3396 984 3463 qnod
997 3403 1080 3446 tamen
1094 3409 1125 3444 ex
1136 3393 1294 3460 perceptione
1305 3407 1373 3443 com·

379 3478 450 3529 muni
460 3478 551 3528 sciantr
561 3477 673 3542 (illrum,
686 3491 710 3525 n.
723 3487 738 3539 3
751 3481 795 3534 [De
801 3483 853 3523 Am.
864 3481 933 3532 conl„
942 3493 963 3521 ιι.
973 3472 1028 3536 ιη).

318 3673 325 3680 ·
338 3595 399 3648 Hoc
409 3609 442 3648 ex
451 3593 537 3646 Verbo
548 3601 673 3646 ostensum
684 3593 719 3661 (ιι.
729 3607 746 3656 4
757 3599 802 3654 [De
808 3600 861 3642 Am.
871 3598 941 3650 tw..
949 3611 971 3640 ιι.
980 3593 1032 3656 2⁸1).

338 3723 413 3790 Quod
427 3721 616 3868 amor)cnjwis
628 3721 695 3772 vivat
707 3727 762 3788 post
775 3727 880 3770 mortem
894 3717 963 3788 (vile
975 3716 1060 3784 Amor)
1073 3716 1109 3786 (ιι.
1119 3730 1180 3782 9-13
1195 3723 1239 3778 [De
1247 3725 1298 3767 An.
1308 3724 1378 3776 coefi,

388 3821 410 3850 ι.
420 3807 495 3862 me]
510 3837 517 3850 .

337 3929 413 3997 Quod
431 3929 508 3980 humo
524 3928 591 3979 vivat
609 3928 686 3978 homo
704 3934 760 3993 post
779 3934 883 3976 mortem
902 3923 1016 3992 (illectu,
1026 3937 1052 3974 u.
1065 3935 1149 3984 22-24
1161 3927 1206 3984 [ve
1213 3929 1265 3971 Am.
1276 3927 1378 3980 cmm.

387 4006 479 4071 ιιι-3η)
516 4006 593 4074 (Vide
604 4003 703 4072 Moron)

257 4155 487 4222 tonum-Quod
497 4155 574 4205 homo
584 4153 672 4205 emtint
685 4153 712 4204 id
723 4151 791 4220 quod
802 4168 818 4202 a
830 4151 940 4203 Domino
952 4150 1032 4202 influit
1043 4157 1070 4201 ut
1081 4165 1162 4211 nuum,
1174 4157 1199 4200 et
1215 4147 1283 4216 quod
1296 4163 1340 4214 per
1351 4148 1379 4198 id

387 4233 428 4284 fiat
439 4230 582 4299 conjundiio
595 4229 631 4300 (u.
641 4245 675 4294 40
688 4237 792 4291 [DeAm.
802 4237 872 4288 emt,
880 4249 902 4278 n.
913 4229 979 4297 ml).

338 4362 415 4430 Quod
427 4363 506 4413 unitio
518 4361 621 4412 Domini
635 4369 660 4412 et
673 4359 779 4410 hominis
790 4359 832 4409 tint
846 4375 890 4424 per
903 4357 1032 4418 influxum,
1043 4364 1070 4408 ut
1080 4355 1119 4406 vis
1130 4371 1206 4424 agene
1221 4353 1247 4406 in
1258 4369 1378 4422 organum

386 4455 473 4502 suum3
491 4445 516 4490 et
527 4438 595 4505 quod
606 4438 638 4488 eit
648 4435 776 4503 adjundlio
789 4447 814 4486 et
825 4435 1018 4486 communicatio
1033 4433 1070 4504 (u.
1079 4432 1128 4502 51).

340 4564 416 4633 Quod
426 4563 458 4616 eit
467 4563 576 4616 influxus
587 4578 618 4613 ex
628 4561 776 4613 secundaria
788 4560 894 4612 essentia
906 4557 1007 4621 Divina,
1021 4573 1083 4626 quae
1097 4565 1134 4610 eat
1148 4559 1240 4610 circum
1252 4559 1339 4626 Ipeum
1352 4558 1378 4608 in

386 4641 454 4706 Sole,
465 4641 492 4694 in
503 4641 572 4708 eujus
582 4641 667 4692 medio
677 4647 714 4692 eet
725 4638 850 4690 Dominus
862 4635 900 4708 (u.
909 4636 958 4707 51).
