3352 5298
242 640 286 724 76
568 652 746 706 Danova
770 651 1046 706 6676665567

296 819 386 896 9666
402 821 444 878 5115
460 821 541 878 intus
556 818 586 877 in
599 823 681 879 iaisis
699 823 744 878 sui
760 823 829 878 mali
848 822 916 886 65555,
929 821 1049 878 57566565
1062 821 1121 878 1566
1135 837 1196 878 non
1209 821 1308 879 sciunt
1321 825 1363 893 (n.

242 893 538 1046 ⁷⁷⁹⁰'⁷3‹⁵1⁰i‹'190nns
551 979 611 1018 non
625 964 720 1046 possit
733 963 875 1047 coniungi
887 964 1000 1018 sonum
1012 965 1052 1033 (n.
1065 963 1143 1032 8981,
1153 962 1245 1046 6955).
1355 1034 1360 1046 .

326 1034 386 1088 uod
399 1043 489 1088 655765
504 1050 533 1088 56
546 1035 640 1089 715657
651 1045 714 1088 vita
729 1045 789 1089 65555
804 1045 909 1089 6655557
920 1035 1042 1096 bonum,
1055 1045 1086 1089 et
1100 1045 1207 1090 contra
1225 1033 1292 1089 51166
1310 1049 1362 1106 qur

242 1103 273 1158 in
286 1105 368 1160 bono
380 1115 451 1188 0555
465 1105 505 1188 (5ἱ
515 1115 592 1174 7067.
606 1117 683 1172 7577.
696 1117 774 1174 7557.
788 1118 865 1174 7507.
879 1103 974 1188 roasi?
987 1105 1080 1188 75551.1
1091 1105 1169 1174 8056.
1179 1104 1271 1188 8555)·

262 1233 265 1240 Α
296 1169 386 1246 9666
407 1191 463 1230 6556
486 1175 557 1230 15666
578 1176 676 1237 66566,
695 1185 726 1230 65
748 1189 842 1257 usque
860 1184 1018 1245 sapientes,
1039 1185 1136 1230 sciant
1153 1175 1226 1245 quid
1249 1175 1362 1229 bonum

241 1243 330 1308 vitae,
343 1244 385 1300 ita
397 1191 618 1316 quidpcharitas
632 1257 663 1300 et
675 1261 736 1301 non
749 1246 821 1317 quid
834 1243 909 1328 15666
922 1255 1058 1316 separata
1072 1246 1113 1314 (n.
1125 1257 1204 1312 4745,
1214 1246 1306 1314 4754).

296 1361 385 1437 9666
404 1365 506 1420 omnia
523 1365 664 1422 ecclesiae
686 1381 718 1421 66
737 1364 867 1420 56165775
891 1365 930 1420 76
949 1365 1062 1420 bonum
1083 1374 1115 1420 et
1133 1379 1247 1427 verum,
1260 1365 1303 1420 ita
1322 1365 1361 1418 ad

242 1435 419 1490 charitatem
431 1445 462 1490 65
475 1435 565 1490 iidem
579 1438 618 1504 (n.
633 1448 666 1502 77
670 1436 812 1518 57-7754).

296 1503 385 1578 95566
401 1521 461 1560 non
477 1505 559 1576 priua
571 1507 696 1561 66616657
714 1507 753 1561 655
768 1505 847 1575 apud
867 1505 1018 1560 hominem
1040 1521 1129 1576 quam
1142 1521 1210 1560 curn
1221 1520 1292 1560 vera
1307 1504 1363 1560 im·

242 1575 376 1648 plantata
387 1586 458 1631 sunt
470 1576 558 1638 vitae,
571 1577 657 1631 etsie
670 1573 747 1631 57656
759 1577 872 1630 15655656
885 1575 1039 1632 charitatis
1054 1577 1094 1645 (n.
1106 1577 1197 1646 3356).

345 1647 385 1701 66
399 1645 528 1702 charitas
540 1645 629 1702 iaciat
646 1646 810 1708 6661665756,
823 1656 855 1702 65
867 1661 927 1700 non
943 1645 1017 1703 fides
1031 1656 1167 1717 separata
1182 1662 1201 1700 a
1214 1645 1361 1702 charitate

243 1719 283 1786 (n.
345 1715 902 1800 65657585797185511585463351.

345 1787 385 1842 66
398 1797 548 1842 internum
561 1787 703 1842 ecclesiae
715 1793 781 1842 6556
837 1795 893 1842 5576
905 1788 945 1855 (6.
962 1785 1054 1858 58999
1070 1787 1157 1856 5799],
1170 1787 1261 1911 7759.

312 1857 370 1912 nde
383 1857 465 1928 quod
478 1873 539 1913 non
552 1857 677 1912 66616657
688 1857 728 1912 655
748 1855 799 1912 ubi
812 1873 873 1912 non
885 1857 1015 1913 charitas
1029 1859 1069 1926 (n.
1081 1857 1160 1925 4766,
1175 1857 1225 1926 587
1243 1859 1264 1926 ).

296 1925 385 2000 9666
411 1943 471 1982 una
494 1927 619 1983 ecclesia
643 1927 720 1983 ioret
744 1928 769 1983 si
794 1925 999 1998 spectarentur
1021 1943 1185 1983 6555556665
1209 1927 1362 1991 charitate,

241 1998 361 2054 tametsi
391 1998 470 2053 uoad
483 1996 894 2070 666566715715665,6566666
906 1998 1005 2053 cultus
1017 1997 1307 2060 555671576551655665
1321 2001 1362 2067 (n.

245 2067 338 2138 5786[5
351 2015 438 2140 57855
450 2069 524 2138 5356,
540 2067 615 2138 5798,
631 2082 705 2138 5799,
721 2069 796 2138 5834,
812 2067 887 2134 5844,
901 2068 978 2137 7385,
1045 2083 1069 2131 7,
1083 2069 1160 2137 3767,
1174 2071 1264 2138 3455).

296 2137 449 2212 Quantum
468 2139 540 2194 boni
559 2139 590 2193 in
604 2140 736 2202 ecclesia,
750 2139 775 2195 si
790 2139 920 2194 charitas
938 2155 990 2210 spe
1072 2149 1121 2193 tur
1134 2139 1230 2210 primo
1243 2139 1318 2202 1666,
1331 2147 1362 2194 65

242 2209 317 2265 15666
329 2209 463 2265 secundo
480 2210 519 2278 (n.
532 2209 610 2278 6769,
622 2209 714 2278 6777).

295 2279 385 2352 9666
398 2279 497 2334 omnis
509 2279 634 2334 66616657
644 2279 766 2350 incipiat
778 2295 796 2333 a
807 2279 962 2341 charitate,
975 2279 1027 2335 sed
1041 2280 1122 2350 quod
1135 2279 1280 2350 temporis
1295 2293 1362 2334 suc·

242 2347 496 2490 maffia&
503 2351 540 2405 ad
560 2349 658 2414 556656,
671 2361 702 2406 65
720 2351 842 2406 tandem
861 2350 900 2404 ad
919 2349 1013 2405 solam
1029 2349 1120 2404 fidem
1137 2351 1177 2420 (n.
1193 2350 1268 2419 5834,
1286 2350 1361 2420 5835,

243 2435 277 2476 77
300 2435 320 2484 5,
510 2461 516 2476 .

279 2435 480 2629 ³9811403131'ru11a
492 2421 567 2546 ides
576 2491 684 2547 ultimo
696 2501 831 2562 tempore
844 2490 986 2546 ecclesiae
999 2491 1046 2553 sit.
1056 2489 1127 2562 quia
1139 2490 1220 2546 nulla
1231 2490 1361 2546 charitas
1461 2497 1465 2502 '

256 2575 311 2617 n.1
382 2603 389 2616 .

244 2565 255 2631 (
345 2577 385 2688 gd
397 2633 497 2688 661566
510 2629 632 2687 Domini
645 2631 789 2687 consistat
803 2631 832 2684 in
845 2631 909 2686 vita
922 2631 1076 2686 charitatis
1093 2631 1133 2700 (n.
1143 2631 1221 2700 8754,
1235 2631 1326 2701 8756).

324 2703 385 2758 666
397 2703 486 2773 quale
497 2703 596 2758 661566
609 2705 648 2757 655
660 2703 823 2769 secundum
837 2703 924 2773 quale
936 2701 1091 2757 charitatis
1105 2703 1145 2771 (n.
1156 2703 1246 2772 7596).

325 2773 385 2828 666
407 2783 547 2828 externae
569 2773 710 2828 ecclesiae
729 2771 866 2828 homines
883 2771 1032 2827 internum
1051 2771 1189 2836 habeant,
1204 2771 1229 2828 si
1251 2772 1312 2828 sint
1331 2772 1361 2826 in

242 2844 387 2898 charitate
414 2859 442 2898 n.
455 2857 529 2906 5566,
544 2857 617 2906 5567,
634 2855 708 2912 5555,
726 2845 812 2912 5553).

324 2915 384 2968 55651
418 2911 534 2968 ostrina
546 2914 576 2966 in
589 2913 719 2983 antiquis
728 2912 860 2968 ecclesiis
873 2910 1210 2976 16655566655555765576,
1223 2927 1300 3037 55656
1316 2922 1362 2968 665

241 2985 261 3038 51
315 2985 380 3038 rina
397 2983 560 3046 61575557556,
573 2993 604 3038 65
626 2999 685 3038 55655
705 2981 843 3038 66655567
866 2981 936 3038 55665
957 2993 1110 3055 separatae
1136 2984 1176 3054 (n.
1193 2997 1227 3054 ²3
1247 2995 1270 3054 5,
1284 2995 1361 3052 7457,

242 3069 320 3125 5455
334 3069 411 3122 5570.
423 3053 501 3120 4855
512 3053 591 3117 ⁶⁶28,
601 3054 780 3124 725o7262i·

295 3166 385 3240 Quod
407 3166 554 3223 Dominus
573 3167 731 3224 inseminet
751 3177 783 3224 et
803 3168 961 3240 impiantet
975 3185 1077 3224 verum
1100 3171 1180 3224 bono
1200 3169 1361 3235 charitatis

242 3255 310 3294 curn
325 3247 480 3320 regenerat
493 3237 645 3294 hominem
660 3240 700 3306 (n.
714 3237 808 3308 2663[?
822 3239 911 3364 76635,
926 3239 1113 3322 ²389=³310i2

261 3379 268 3392 ·
295 3307 384 3382 9666
397 3308 484 3364 aliter
496 3323 606 3372 semen,
620 3309 701 3380 quod
715 3319 760 3364 665
769 3325 873 3364 verum
907 3309 965 3373 665,
975 3324 1037 3365 55655
1051 3311 1179 3366 radicem
1193 3327 1281 3383 agere
1292 3327 1362 3384 pos·

243 3379 484 3576 snffiuggoiiona
502 3459 532 3504 et
545 3465 616 3504 vera
633 3449 704 3504 dein
723 3461 858 3506 crescant
876 3449 1040 3506 secundum
1056 3451 1210 3506 charitatis
1226 3460 1362 3523 receptae

241 3537 281 3592 qu
295 3520 747 3714 §ughiffnfflegnffliiinon
760 3591 799 3646 655
811 3607 849 3647 ex
861 3589 928 3655 fide,
938 3591 991 3646 666
1004 3605 1042 3646 ex
1051 3591 1196 3647 charitate
1209 3591 1361 3664 perfidem

243 3664 284 3730 (η’
295 3661 391 3856 {rigo
402 3745 479 3814 vera·
497 3729 575 3794 fidei,
591 3747 659 3786 cum
679 3741 871 3814 regeneratur
888 3731 989 3795 horno,
1006 3731 1118 3788 intrent
1139 3748 1208 3788 cum
1228 3733 1363 3804 jucundo

241 3801 299 3857 766
331 3817 416 3866 565556,
429 3817 500 3872 quia
511 3811 593 3856 amat
605 3801 701 3858 iacere
714 3802 772 3864 5117,
785 3813 817 3856 65
829 3802 911 3872 quod
925 3803 1160 3873 reproducantur
1173 3819 1242 3859 cum
1258 3805 1362 3859 eadem

241 3869 408 4013 5865735666,
421 3871 491 3944 quia
502 3871 664 3928 cohaerent
681 3874 721 3940 (55.
735 3871 812 3939 7484,
826 3873 904 3940 7487,
918 3888 995 3944 3646,
1009 3874 1086 3944 3666,
1101 3885 1178 3944 3674,
1192 3874 1269 3944 3336,
1282 3873 1361 3942 4658,

295 4035 384 4111 9666
397 4037 448 4109 qui
461 4037 492 4092 in
505 4053 607 4094 amore
617 4039 647 4092 in
662 4037 834 4102 Dominum,
847 4049 879 4094 et
894 4038 923 4093 in
938 4039 1084 4094 charitate
1099 4055 1170 4122 erga
1184 4040 1362 4111 proximum,

240 4109 355 4172 vivunt,
366 4108 441 4162 nihil
453 4109 579 4179 perdant
589 4109 619 4163 in
629 4119 791 4172 7656555656,
801 4109 871 4180 quia
882 4106 1036 4180 6655566515
1050 4109 1197 4174 1)65555556;
1215 4110 1302 4166 715565
1311 4111 1362 4182 qui

242 4180 272 4234 in
285 4179 345 4234 fide
357 4189 494 4248 separata
507 4181 547 4248 (n.
558 4179 636 4248 7566,
646 4179 737 4248 7567).

296 4248 386 4322 9666
405 4249 498 4304 homo
515 4249 584 4304 57156
602 4261 722 4304 maneat
740 4250 835 4321 qualis
854 4249 919 4320 ejus
933 4250 997 4306 vita
1010 4249 1173 4314 charitatis,
1187 4265 1247 4305 non
1266 4249 1363 4322 qualia

241 4321 308 4392 ejus
321 4319 396 4374 fides
408 4329 543 4390 separata
557 4321 597 4390 (n.
606 4319 698 4388 8756).

296 4389 356 4462 965
378 4390 409 4444 555
431 4389 577 4445 charitate
597 4391 745 4452 vixerunt,
759 4390 841 4461 quod
866 4405 969 4446 eorum
991 4406 1097 4446 omnes
1118 4401 1214 4447 status
1238 4389 1362 4462 jucundi

243 4461 367 4516 redeant
376 4459 406 4514 in
419 4459 514 4516 altera
524 4461 595 4522 vita,
608 4475 643 4515 ac
659 4461 836 4515 immensum
850 4471 1015 4532 augeantur
1028 4463 1068 4530 (n.
1077 4461 1150 4530 873).

296 4530 385 4603 9666
398 4531 553 4586 beatitudo
565 4530 702 4586 caelestis
715 4530 820 4586 55551675
834 4547 853 4586 a
866 4531 997 4587 Domino
1010 4533 1040 4586 in
1053 4531 1237 4595 charitatem.
1247 4531 1318 4602 quia
1332 4531 1362 4586 in

242 4603 337 4675 ipsam
346 4601 440 4656 vitam
454 4601 593 4665 hominis,
602 4611 634 4656 et
646 4617 707 4656 non
720 4601 750 4655 in
764 4599 854 4658 5566555
866 4602 978 4674 absque
990 4602 1136 4658 charitate
1150 4605 1190 4673 (n.
1201 4601 1291 4672 7363).
