3352 5298
400 717 401 720 ’
427 703 476 754 ΕΤ
498 703 583 770 EJUS
607 703 805 756 DOCTRINA
827 704 1100 757 CAELESTL-N.
1118 710 1170 776 99.
1303 696 1354 776 ‘65

239 874 331 940 bono
349 885 440 951 sunt,
461 885 533 942 tam
552 877 608 960 qui
630 877 664 940 in
685 877 782 944 terris
800 893 902 960 quam
921 878 976 961 qui
999 878 1033 942 in
1055 875 1159 943 caelis
1171 891 1184 956 ;·
1207 877 1256 942 ita
1278 897 1355 959 reg·

240 988 320 1034 num
336 969 475 1034 Domini
491 981 543 1035 est
563 971 696 1036 Bonum
712 991 788 1036 cum
805 973 897 1036 omni
912 971 982 1054 ejus
998 971 1088 1056 quali
1107 973 1140 1036 in
1157 971 1354 1054 complexu;

239 1062 305 1128 hoc
324 1083 401 1128 cum
420 1075 564 1141 amatur,
584 1075 741 1130 amantur
759 1065 883 1148 singuli
901 1067 957 1148 qui
976 1067 1009 1130 in
1029 1067 1121 1130 bono
1138 1075 1229 1130 sunt.

298 1156 374 1238 96.
403 1155 450 1219 Hi
467 1157 596 1238 gradus
610 1166 690 1220 sunt
706 1157 865 1240 proximi,
885 1167 921 1221 et
939 1157 1128 1221 secundum
1146 1157 1211 1221 hos
1228 1158 1355 1240 gradus

239 1247 394 1312 ascendit
423 1267 519 1312 amor
541 1248 630 1330 apud
659 1248 736 1312 illos
765 1250 822 1333 qui
851 1250 884 1313 in
914 1269 1030 1313 amore
1057 1269 1139 1332 erga
1162 1251 1355 1332 proximum

121 1367 127 1378 ·
239 1351 330 1406 sunt.
375 1339 443 1407 Sed
466 1342 500 1406 hi
519 1343 646 1424 gradus
665 1353 745 1407 sunt
764 1343 890 1425 gradus
912 1344 945 1406 in
965 1345 1083 1408 ordine
1101 1345 1305 1420 successivo,
1322 1346 1355 1408 in

239 1455 306 1518 quo
332 1436 588 1519 praeferendum
618 1447 673 1502 est
704 1438 794 1520 prius
824 1457 883 1502 seu
913 1439 1064 1520 superius
1091 1439 1269 1520 posteriori
1297 1459 1355 1503 seu

239 1529 402 1607 inferiori3
422 1539 458 1594 et
474 1532 551 1613 quia
563 1531 730 1594 Dominus
746 1540 800 1595 est
816 1531 850 1594 in
867 1551 1035 1614 supremo,
1050 1541 1085 1596 et
1103 1533 1180 1614 lpse
1196 1529 1354 1614 spectan-

240 1623 302 1687 dus
314 1625 347 1688 in
363 1623 504 1708 singulis
516 1624 678 1707 gradibus
694 1633 731 1688 ut
746 1623 822 1688 finis
837 1626 881 1689 ad
897 1644 1009 1708 quem,
1026 1627 1075 1690 ita
1090 1636 1144 1690 est
1161 1626 1239 1708 Ipse
1255 1645 1356 1709 supra

240 1737 358 1782 omnes
380 1728 416 1783 et
439 1738 541 1802 supra
563 1719 875 1782 omnia-amandus.
920 1718 977 1782 Ex
1004 1719 1056 1784 his
1084 1741 1172 1784 nunc
1196 1731 1355 1784 constare

240 1822 366 1895 potest,
378 1813 550 1898 quomodo
562 1832 658 1877 amor
670 1814 704 1876 in
717 1813 901 1878 Dominum
915 1833 951 1878 se
964 1813 1139 1898 conjungit
1150 1834 1227 1878 cum
1239 1834 1355 1878 amore

240 1925 322 1989 erga
339 1909 542 1990 proximum.
1114 1954 1116 1958 -

259 2070 263 2078 ,
298 2011 368 2081 97.
396 1997 436 2062 In
452 1999 625 2072 communi
638 2017 799 2062 sermone
814 2007 880 2075 est,
896 1999 988 2082 quod
1004 2000 1146 2082 quisque
1161 2000 1224 2062 sibi
1240 2001 1356 2082 proxi·

240 2107 314 2154 mus
331 2091 387 2165 sit,
407 2090 473 2154 hoc
492 2101 557 2166 est,
577 2091 668 2174 quod
687 2091 828 2174 quisque
847 2091 908 2178 sibi
929 2092 1073 2173 primum
1093 2091 1271 2170 consulet;
1294 2093 1354 2156 sed

239 2181 393 2248 doctrina
412 2185 590 2249 charitatis
609 2185 713 2248 docet
731 2185 989 2267 quomodo-hoc
1009 2185 1270 2270 intelligendum
1289 2195 1353 2250 est.

240 2275 391 2362 Quisque
422 2279 484 2342 sibi
510 2279 695 2362 prospiciet
725 2289 762 2343 ut
793 2278 919 2342 habeat
944 2281 1169 2344 necessitates
1191 2281 1293 2355 vitae,
1318 2292 1354 2344 ut

240 2391 362 2456 nempe
378 2370 515 2447 victum,
528 2382 566 2437 ut
582 2369 756 2448 mittum,
769 2382 806 2437 ut
822 2373 1082 2450 habitationem,
1096 2385 1131 2437 et
1148 2373 1255 2456 plura,
1268 2395 1354 2459 quae

239 2466 273 2530 in
285 2469 356 2532 vita
369 2467 468 2542 civili,
482 2469 516 2530 in
532 2487 598 2550 qua
610 2476 675 2542 est,
689 2469 881 2531 necessario
897 2467 1129 2550 requiruntur;
1153 2478 1192 2532 et·
1204 2468 1269 2532 hoc
1286 2489 1354 2532 non

240 2560 343 2625 modo
366 2581 427 2643 pro
449 2581 487 2624 se
509 2561 570 2625 sed
593 2557 697 2626 etiam
722 2581 783 2643 pro
806 2562 885 2637 suiS,
906 2581 968 2625 nec
988 2562 1093 2624 modo
1116 2582 1177 2644 pro
1199 2571 1354 2644 tempore

239 2656 410 2736 praesenti
429 2655 489 2720 sed
508 2656 613 2719 etiam
631 2675 693 2738 pro
710 2665 878 2718 venturo:
903 2674 982 2718 nam
1001 2656 1064 2719 nisi
1087 2657 1160 2738 quis
1179 2655 1241 2719 sibi
1259 2675 1353 2720 com-

239 2758 336 2830 parat
352 2751 577 2813 necessitates
593 2750 695 2834 uitae,
707 2768 776 2813 non
793 2758 909 2832 potest
921 2769 997 2812 esse
1013 2750 1047 2812 in
1063 2759 1157 2814 statu
1170 2751 1354 2814 exercendi

239 2841 465 2921 charitatemss
488 2844 522 2906 in
541 2843 692 2906 omnium
711 2843 801 2906 enim
817 2852 976 2924 egestate
995 2852 1058 2906 est.

296 2938 369 3020 98.
397 2937 465 3004 Sed
487 2939 663 3021 quomodo
684 2939 825 3021 quisque
847 2938 910 3001 sibi
935 2939 1114 3022 proximus
1135 2960 1212 3016 esse,
1235 2940 1352 3014 debet,

239 3041 396 3096 constare
419 3039 536 3113 potest
560 3051 605 3094 ex
624 3029 689 3094 hoc
707 3031 808 3093 simili
821 3027 1026 3113 :—Quisque
1039 3031 1230 3112 prospicere
1249 3031 1353 3096 debet

239 3127 370 3208 corpori
386 3145 448 3189 suo
460 3121 551 3188 victu
565 3135 600 3188 et
617 3121 763 3203 amittu3
787 3123 853 3210 hoc
870 3125 1013 3208 primum
1026 3126 1101 3201 erit,
1115 3126 1175 3190 sed
1192 3127 1237 3190 ob
1252 3125 1353 3190 finem

239 3228 275 3282 ut
299 3238 395 3284 mens
418 3239 501 3282 sana
523 3219 568 3282 sit
591 3219 625 3281 in
649 3237 790 3302 corpore
813 3238 918 3295 sano;
945 3227 980 3282 et
1003 3219 1142 3302 quisque
1161 3221 1353 3302 prospicere

238 3312 340 3378 debet
357 3313 464 3376 menti
480 3333 541 3376 suo
557 3309 660 3388 victu,
677 3331 800 3394 nempe
816 3311 943 3376 talibus
951 3331 1044 3394 *quae
1060 3321 1140 3386 sunt
1156 3311 1352 3395 intelligen-

238 3407 353 3487 tiaeet
366 3408 565 3490 sapientiae,
580 3407 626 3470 ob
641 3405 742 3470 finem
755 3417 792 3470 ut
809 3406 868 3469 illa
879 3407 958 3470 inde
973 3408 1007 3469 in
1020 3416 1113 3470 statu
1126 3407 1170 3470 sit
1186 3407 1353 3470 serviendi

238 3501 379 3575 concivi,
397 3501 556 3564 societati
574 3499 755 3576 humanae,
769 3501 899 3584 patriae
918 3510 953 3564 et
972 3499 1148 3574 ecclesiae,
1165 3501 1215 3564 ita
1233 3499 1352 3564 Domi·

238 3614 301 3674 n0;
324 3595 380 3680 qui
399 3595 464 3658 hoc
483 3593 575 3670 iacit,
592 3596 620 3658 is
639 3593 879 3679 sibiprospicit
897 3595 983 3660 bene
1002 3595 1035 3657 in
1054 3604 1250 3658 aeternum:
1275 3595 1353 3658 inde

237 3699 333 3772 patet
361 3689 452 3773 quod
478 3690 624 3772 primum
650 3689 706 3765 sit,
731 3689 787 3752 ubi
813 3687 887 3752 finis
910 3697 1049 3772 propter
1071 3707 1183 3770 quem,
1208 3707 1287 3751 nam
1310 3690 1353 3752 ad

238 3781 331 3846 illum
359 3780 518 3866 spectant
548 3783 673 3846 omnia.
719 3781 763 3847 Se
793 3803 926 3866 quoque
953 3781 1019 3846 hoc
1050 3781 1155 3846 habet
1185 3781 1272 3845 sicut
1297 3785 1353 3865 qui

237 3877 404 3941 construit
426 3876 585 3954 domum;
610 3877 719 3959 primo
741 3885 847 3959 ponet
866 3875 1134 3950 fundamentum,
1155 3875 1214 3938 sed
1233 3876 1353 3939 funda·

237 3980 390 4035 mentum
417 3973 481 4034 erit
509 3989 570 4052 pro
597 3971 712 4047 domo,
735 3980 771 4034 et
798 3971 920 4034 domus
946 3990 1007 4053 pro
1034 3969 1266 4034 habitatione:
1297 3973 1353 4052 qui

236 4065 344 4130 credit
362 4065 425 4128 sibi
444 4065 637 4150 proximum
653 4083 728 4130 esse
747 4065 856 4147 primo
874 4063 963 4139 loco,
983 4065 1011 4128 is
1030 4063 1149 4128 similis
1167 4073 1221 4128 est
1242 4065 1273 4128 ei
1296 4066 1352 4147 qui

237 4156 369 4242 spectat
387 4159 645 4223 fundamentum
664 4169 702 4224 ut
724 4158 838 4235 finem,
858 4179 926 4222 non
945 4160 1083 4222 domum
1107 4165 1142 4221 et
1166 4159 1352 4222 habitatio-

237 4271 334 4332 nem;
358 4271 434 4318 cum
451 4263 568 4317 tamen
584 4253 755 4318 habitatio
767 4262 820 4316 est
833 4253 905 4335 ipse
921 4251 995 4316 finis
1008 4253 1135 4335 primus
1147 4261 1183 4316 et
1199 4251 1350 4326 ultimus,

238 4368 276 4413 ac
296 4348 417 4414 domus
436 4366 513 4411 cum
531 4347 755 4410 fundamento
773 4355 826 4412 est
846 4347 950 4410 modo
969 4348 1114 4410 medium
1134 4347 1177 4409 ad
1196 4345 1308 4410 finem.

294 4455 371 4521 99.
402 4437 495 4502 Finis
524 4437 679 4502 declarat
708 4437 882 4520 quomodo
910 4438 1052 4521 quisque
1081 4437 1144 4501 sibi
1173 4438 1351 4520 proximus

237 4531 310 4604 erit,
330 4549 369 4594 ac
389 4529 452 4594 sibi
470 4529 614 4612 primum
633 4528 811 4608 consulet;
838 4529 865 4592 si
884 4527 959 4593 finis
978 4531 1022 4593 sit
1046 4538 1083 4593 ut
1102 4529 1249 4593 ditescat
1269 4549 1349 4612 prae
1437 4603 1443 4614 ¹

236 4621 309 4688 aliis
337 4623 449 4689 solum
479 4623 671 4688 divitiarum
701 4643 814 4699 causa,
845 4623 899 4688 vel
929 4622 1118 4708 voluptatis
1151 4643 1263 4700 causa,
1295 4623 1350 4688 vel
