3288 5294
298 671 319 738 8
708 689 759 740 nn
781 683 1013 742 ennarrans.

297 855 383 935 ritu3
406 876 508 940 quare
525 875 732 940 cognoscere
748 867 784 922 et
807 860 891 924 scire
914 851 973 923 sua
989 869 1131 942 peccata
1146 871 1312 945 quaenam
1328 871 1417 940 sunt,

297 959 350 1014 est
374 969 582 1034 cognoscere
602 961 637 1015 et
661 953 745 1016 scire
769 954 922 1034 cogitata
945 971 1014 1031 sua,
1031 963 1066 1018 et
1090 973 1135 1019 ex
1157 955 1222 1019 illis
1237 956 1317 1039 quid
1339 957 1419 1022 facit

297 1043 437 1121 licitum,
455 1053 528 1108 tum
544 1045 623 1128 quid
646 1047 865 1129 concupiscit,
881 1067 921 1110 ac
944 1049 996 1111 cui
1019 1049 1220 1131 cogitationi
1242 1049 1355 1130 savet;
1382 1061 1418 1115 ut

296 1138 323 1201 si
346 1139 478 1220 cogitat
495 1157 576 1202 num
591 1140 756 1205 scortatio
772 1151 951 1222 peccatum
967 1143 1022 1218 sit,
1038 1152 1074 1206 et
1090 1161 1191 1225 quam
1207 1157 1321 1225 grave,
1339 1163 1418 1208 num

295 1231 410 1294 odium
433 1240 469 1295 et
492 1229 641 1296 vindicta
663 1243 807 1316 peccata
827 1235 905 1310 sint,
923 1253 1003 1298 num
1025 1235 1113 1300 furta
1135 1245 1171 1301 et
1193 1235 1324 1313 similia,
1338 1255 1419 1303 num

295 1325 401 1390 fastus
413 1335 449 1390 et
461 1327 626 1408 superbia,
641 1345 720 1390 num
732 1337 928 1393 contemtus
940 1327 1091 1406 aliorum,
1105 1349 1184 1394 num
1197 1331 1360 1410 avaritia;
1382 1339 1419 1396 et

263 1442 267 1452 ·
295 1429 376 1484 tunc
399 1421 587 1484 removebit
610 1421 854 1498 obvelationes,
872 1423 899 1484 si
922 1421 1026 1486 homo
1041 1443 1124 1506 quas
1144 1423 1418 1506 superinjecerat,

294 1513 359 1579 hoc
375 1524 428 1578 est
444 1513 728 1590 confirmationes,
745 1525 781 1579 et
797 1515 949 1580 conseret
962 1515 1125 1592 Verbum,
1142 1527 1177 1581 et
1193 1517 1333 1583 videbit.

359 1606 460 1690 Quod
487 1607 544 1673 ille
573 1609 629 1690 qui
657 1611 815 1690 agnoscit
842 1609 932 1692 quod
963 1621 1141 1692 peccatum
1167 1611 1212 1674 sit
1237 1621 1418 1694 peccatum

296 1701 419 1784 [possit
435 1701 548 1766 videre
567 1713 710 1784 peccata
728 1703 817 1785 apud
833 1702 897 1786 se],
911 1705 1050 1788 quisque
1061 1704 1175 1784 videt;
1198 1714 1235 1769 at
1253 1705 1309 1788 qui
1325 1704 1420 1770 licita

294 1795 373 1860 facit
396 1797 619 1878 cogitatione,
641 1807 677 1862 et
700 1797 818 1861 illicita
840 1817 980 1880 corpore
1004 1807 1142 1880 propter
1164 1799 1338 1874 mundum,
1361 1797 1418 1863 ilie

294 1910 362 1954 non
385 1899 502 1972 potest
518 1891 633 1954 videre
653 1891 731 1970 ilia3
758 1901 811 1956 est
835 1893 921 1956 sicut
944 1893 1000 1975 qui
1015 1893 1164 1956 obvertit
1183 1892 1357 1976 speculum
1379 1901 1418 1958 ut

293 1985 408 2048 videat
424 2004 519 2049 suam
531 1985 662 2062 faciem,
675 1995 734 2049 aut
751 1987 836 2049 sicut
852 1987 908 2068 qui
920 1985 994 2050 vuit
1006 1987 1119 2050 videre
1135 1985 1253 2051 faciem
1269 1997 1305 2051 et
1321 1989 1417 2070 ponit

294 2075 398 2142 linum
414 2078 654 2143 foraminosum
670 2089 750 2143 ante
766 2079 859 2143 illud.

292 2258 317 2310 4.
342 2256 415 2315 uuor
428 2258 520 2312 Mnum
531 2263 592 2336 ante
604 2259 786 2328 pomitentium
797 2259 835 2312 sit
849 2259 940 2313 unum
952 2260 1076 2328 spurium,
1089 2259 1208 2314 similitor
1219 2261 1344 2321 maritae,
1356 2259 1417 2332 qun

392 2335 484 2388 bonum
495 2339 539 2389 sot
548 2335 690 2389 sisebutis.

357 2451 422 2517 Est
435 2454 525 2517 enim
537 2452 663 2517 malurn
676 2454 766 2517 intus
782 2453 871 2534 apud
883 2453 1066 2532 hominem,
1080 2455 1156 2536 quia
1168 2473 1236 2519 non
1249 2463 1414 2537 apertum,

292 2555 328 2611 et
343 2547 421 2612 inde
434 2567 502 2611 non
515 2557 681 2623 sanatum,
694 2557 730 2611 et
746 2567 791 2610 ex
808 2546 897 2610 malo
910 2567 977 2613 non
989 2559 1105 2630 potest
1118 2550 1278 2612 scaturire
1288 2549 1413 2612 bonum

292 2643 475 2724 genuinum
487 2661 494 2720 ;
518 2642 592 2704 sons
608 2651 660 2704 est
673 2642 820 2722 impurus
833 2663 840 2720 ;
860 2641 991 2705 ‘bonurn
1006 2643 1096 2725 quod
1109 2663 1154 2706 ex
1167 2641 1257 2706 rnalo
1273 2645 1414 2707 scaturit

292 2745 406 2816 potest
429 2737 462 2799 in
485 2745 630 2799 externa
644 2735 751 2798 forma
766 2753 927 2816 apparere
950 2737 1086 2812 bonurn,
1103 2735 1163 2800 sed
1186 2737 1276 2800 intus
1299 2736 1332 2799 in
1355 2735 1414 2801 sslo

290 2840 343 2892 est
359 2829 462 2893 homo
478 2829 584 2912 qualis
607 2839 660 2892 est
683 2830 793 2908 intus;
816 2849 917 2893 omne
932 2831 1022 2912 quod
1043 2831 1122 2894 inde
1138 2831 1242 2896 homo
1256 2829 1337 2894 iacit
1360 2839 1413 2895 est

290 2923 403 3005 imago
419 2923 508 3005 ejus;
532 2925 602 3004 ipse
619 2941 732 2986 coram
748 2924 878 3005 angelis
894 2925 927 2987 in
944 2945 1003 2987 sua
1018 2925 1165 3006 imagine
1181 2934 1334 3006 apparet,
1346 2925 1413 2989 imo

289 3026 390 3080 extra
412 3037 458 3092 se,
482 3019 572 3100 quod
595 3017 715 3080 millies
738 3017 824 3096 vidi;
848 3037 950 3100 quare
973 3018 1098 3082 bonurn
1122 3019 1211 3100 quod
1235 3019 1310 3100 quis
1333 3017 1412 3082 facit

289 3109 416 3174 *mcum
433 3131 583 3193 corpore,
600 3111 664 3175 hoc
681 3131 842 3193 apparere
858 3121 974 3193 potest
996 3112 1122 3175 bonum
1138 3131 1252 3176 coram
1275 3110 1343 3174 illis
1358 3112 1412 3194 qui

289 3225 357 3270 non
373 3205 490 3269 vident
506 3207 568 3268 nisi
584 3223 684 3288 quam
700 3216 891 3280 externum,
909 3205 968 3269 sed
984 3207 1074 3270 intus
1090 3205 1176 3269 latet
1193 3205 1354 3269 voluntas
1376 3213 1411 3270 et

288 3300 443 3374 intentio,
457 3319 542 3382 quae
558 3299 665 3380 possit
678 3319 762 3375 esse,
776 3299 866 3381 quod
878 3299 961 3363 velit
974 3301 1064 3363 credi
1077 3300 1226 3364 sincerus
1239 3309 1276 3362 et
1291 3300 1411 3374 bonus,

289 3403 325 3456 ut
341 3403 457 3474 captet
474 3394 602 3457 animas
618 3394 753 3457 honoris
774 3403 809 3456 et
825 3393 906 3456 lucri
929 3413 1049 3472 causa;
1073 3393 1188 3470 verbo,
1205 3403 1260 3456 est
1275 3393 1334 3456 vel
1350 3391 1410 3456 bo·

288 3506 368 3550 num
385 3488 601 3562 meritorium,
615 3487 669 3551 vel
685 3488 941 3570 hypocriticum,
956 3487 1010 3551 vel
1023 3487 1236 3563 diabolicum,
1250 3486 1341 3570 quod
1358 3495 1410 3549 est

288 3589 325 3645 ut
340 3579 445 3658 fallat,
462 3581 621 3656 vindicet,
635 3581 780 3654 occidat,
797 3589 884 3659 etc.;
908 3581 967 3644 sed
983 3581 1048 3644 hoc
1065 3582 1191 3644 bonum
1207 3599 1283 3644 cum
1300 3589 1410 3644 morte

287 3675 443 3750 aufertur,
457 3673 537 3739 dum
549 3678 583 3739 in
595 3677 755 3740 interiora
768 3695 827 3738 sua
839 3675 995 3751 mittitur,
1008 3685 1043 3738 et
1056 3673 1093 3737 fit
1109 3683 1264 3756 apertum
1274 3674 1409 3737 malum.

351 3767 462 3834 Omne
485 3771 611 3834 bonum
634 3770 725 3852 quod
749 3770 852 3832 homo
874 3769 953 3832 iacit
977 3770 1143 3850 proximo,
1160 3777 1213 3831 est
1236 3767 1411 3830 charitatis

287 3883 346 3928 seu
361 3874 414 3927 est
431 3863 597 3943 charitas;
621 3883 723 3946 quare
740 3864 888 3927 charitas
911 3871 1140 3945 cognoscetur
1155 3860 1262 3944 qualis
1285 3869 1349 3934 est,
1366 3879 1410 3922 ex

288 3957 567 4040 praecedentibus
590 3959 705 4034 tribus,
723 3976 844 4039 nempe
858 3973 940 4020 :-1.
965 3955 1138 4037 Quantum
1154 3955 1239 4038 sugit
1262 3953 1352 4017 mala
1374 3961 1410 4015 ut

355 4133 452 4201 [Nora
468 4143 505 4212 px
526 4134 661 4212 bistones
677 4133 1031 4210 nmmum—Exploratis
1044 4131 1084 4241 51)
1098 4132 1119 4181 si
1129 4131 1217 4210 ,solun
1233 4129 1318 4208 quoad
1329 4127 1410 4188 attus,

286 4215 338 4250 non
349 4201 456 4250 multum
467 4209 572 4260 invenit,
582 4209 607 4250 et
618 4201 681 4250 haec
693 4217 745 4250 non
754 4199 856 4261 suffic1t;
875 4215 961 4260 causa;
981 4199 1021 4267 (2)
1031 4197 1049 4240 1¹
1057 4199 1103 4248 sed
1115 4213 1136 4248 ει
1148 4197 1232 4263 quoad
1241 4205 1408 4262 cogitatrones

287 4276 312 4317 et
327 4265 488 4326 intentiones,
500 4275 560 4316 tunc
571 4265 628 4331 plus
641 4265 752 4326 invenit3
772 4265 812 4334 (3)
826 4275 850 4316 at
867 4266 889 4314 si
906 4265 1019 4330 explorat
1050 4265 1095 4313 uid
1111 4279 1157 4328 pro
1173 4271 1278 4328 peccato
1294 4261 1336 4311 vel
1353 4275 1406 4310 non

303 4347 332 4382 ro
382 4341 453 4382 ccato
469 4340 575 4397 reputat,
592 4339 652 4382 tnnc
671 4332 775 4382 invenit.
811 4331 939 4397 Quicquid
956 4331 1024 4381 enim
1060 4345 1119 4380 omo
1135 4329 1231 4380 licitum
1248 4329 1275 4377 in
1292 4343 1320 4377 se
1336 4326 1407 4386 iacit,

286 4347 335 4448 Eoo
348 4347 420 4459 {acciu
438 4398 535 4450 licitum
546 4398 630 4448 iacere
642 4406 679 4448 est
691 4397 835 4458 voluntatis,
847 4406 884 4448 est
895 4405 1009 4458 conatus,
1021 4405 1046 4447 et
1058 4406 1096 4446 est
1107 4394 1202 4446 suerum
1219 4395 1246 4444 in
1262 4393 1364 4460 spirim
1382 4401 1407 4444 et

286 4463 361 4515 saciet
377 4463 404 4514 iu
416 4479 520 4532 corpore
532 4465 592 4514 dum
604 4465 715 4516 obsucln
725 4472 822 4516 remota
833 4472 898 4515 sunt.
930 4463 1006 4514 Tales
1018 4464 1094 4513 etiam
1105 4472 1163 4512 sunt
1175 4459 1406 4512 Macehiavelistae.

306 4595 384 4713 ,deff
400 4595 487 4730 sign»,
498 4597 540 4646 nc
552 4605 578 4648 et
591 4596 660 4657 arni,
672 4595 705 4646 aa
721 4557 907 4648 mnffis
924 4595 1035 4647 mitons
1052 4594 1172 4645 reseram.
1210 4591 1306 4658 orgen·
1316 4589 1407 4642 surm

287 4677 313 4712 Vl
375 4677 413 4713 uf·
