3322 5298
298 1019 565 1089 [PRAENUNTIA
571 1021 615 1071 TA
626 1021 684 1072 DE
699 1021 779 1072 Hoc
791 1021 980 1072 OPUSCULo
994 1021 1289 1084 CONTENTISQUE
1306 1021 1413 1088 EJtls,

363 1097 421 1148 EX
435 1098 563 1148 OPERE
574 1098 701 1150 “VERA
717 1098 945 1148 CHRISTIANA
959 1098 1146 1148 RELIGIO”
1161 1097 1414 1164 NUNCUPATOJ

346 1343 415 1400 Ἢ.
538 1341 644 1393 lndefit
655 1342 728 1408 qnod
736 1343 827 1392 unitas
843 1341 893 1392 Del
904 1357 959 1393 non
972 1343 1055 1393 modo
1064 1339 1206 1393 actualiter
1214 1343 1357 1404 dividatur,
1367 1343 1415 1393 sed

295 1419 377 1468 etiarn
393 1418 453 1482 ipsa
469 1418 616 1482 theologia,
632 1427 660 1468 et
677 1433 783 1482 quoque
800 1433 878 1469 mens
895 1419 1016 1469 humans
1032 1419 1060 1469 ln
1078 1435 1132 1483 qua
1149 1419 1196 1469 illa
1210 1419 1269 1479 erit,
1283 1419 1416 1470 similiter.

296 1494 367 1558 Quid
385 1493 448 1544 inde
465 1494 519 1544 nisi
537 1493 693 1557 perplexum
711 1503 739 1545 et
756 1509 812 1544 non
827 1494 975 1545 cohaerens
994 1495 1021 1544 in
1039 1497 1119 1544 rebus
1135 1495 1271 1546 Ecclesiae
1285 1495 1417 1546 resultat?

297 1569 376 1634 Quod
391 1569 456 1620 talis
466 1569 502 1620 sit
516 1561 601 1620 status
617 1569 755 1620 Ecclesiae
768 1569 917 1620 hodiernae
932 1569 960 1620 in
973 1569 1130 1634 Appendice
1145 1571 1273 1634 posthoc
1287 1585 1356 1634 opus
1371 1571 1416 1620 de-

296 1643 514 1695 monstrabitur.”

346 1761 431 1820 “177.
552 1759 580 1811 Si
590 1760 649 1824 quis
658 1761 709 1811 suh
718 1775 833 1810 examen
843 1760 926 1810 mittit
935 1759 1044 1824 singula
1050 1747 1218 1820 dodirina'lla,
1228 1760 1298 1811 sient
1307 1761 1335 1810 id
1344 1761 1415 1824 quod

297 1835 330 1885 de
340 1834 408 1896 Deo,
416 1836 450 1885 de
460 1834 582 1886 Persona
591 1835 701 1895 Christi,
711 1836 745 1886 de
756 1834 902 1895 Charitate,
912 1835 946 1886 de
958 1835 1136 1895 Paenitentia,
1146 1836 1180 1886 de
1191 1835 1415 1899 Regeneratione,

296 1913 329 1962 de
342 1911 439 1961 Libero
449 1911 578 1972 Arbitrio,
588 1912 622 1961 de
632 1909 780 1971 Eledlione,
789 1911 823 1961 de
834 1911 894 1961 Usu
906 1921 1136 1962 sacramentorum
1151 1911 1283 1974 Baptisml
1295 1921 1323 1961 et
1335 1911 1417 1961 Sanc-

296 1998 340 2038 tae
348 1987 448 2047 Cenae,
460 1985 605 2036 manifeste
612 1987 716 2056 videbit
725 1987 797 2051 quod
807 1985 928 2036 Trinitas
938 1986 1058 2036 Deorum
1068 1985 1183 2050 singulis
1193 1987 1259 2036 insit
1269 2001 1275 2044 ς
1289 1985 1349 2036 etsi
1359 1999 1415 2034 non

296 2061 438 2114 adiaaliter
451 2071 563 2126 apparet
577 2061 676 2122 inesse,
693 2076 778 2126 usque
792 2077 826 2112 ex
841 2063 888 2112 illa
905 2063 975 2112 sicut
989 2077 1023 2112 ex
1037 2077 1087 2112 suo
1102 2062 1178 2112 ionte
1193 2061 1328 2112 scaturiat.
1363 2060 1416 2111 Sed

297 2139 360 2204 qaia
370 2138 425 2188 tale
437 2152 551 2188 examen
563 2137 607 2188 hic
619 2152 675 2187 non
688 2137 744 2188 fieri
757 2147 855 2202 potest,
870 2147 896 2188 et
909 2147 1000 2188 tamen
1011 2151 1110 2202 operae
1125 2137 1240 2200 pretium
1253 2145 1294 2187 est
1306 2137 1341 2186 ad
1353 2150 1416 2199 ape·

297 2214 420 2266 tiendum
430 2213 524 2262 oculos
533 2221 562 2263 ut
574 2211 629 2273 fiat,
641 2213 702 2263 ideo
711 2213 772 2264 huic
785 2214 860 2276 operi
873 2213 1036 2277 adjungetur
1045 2213 1191 2277 Appendlx
1202 2213 1230 2262 in
1242 2227 1296 2276 qua
1306 2211 1358 2262 hoc
1370 2211 1416 2262 de·

298 2287 516 2340 monstrabitur.''

346 2469 437 2526 “m
558 2467 610 2518 Sed
627 2477 773 2532 antequam
791 2469 845 2530 illa,
860 2483 929 2534 qaae
946 2467 1078 2519 hodierna
1095 2467 1216 2518 Ecclesia
1233 2468 1267 2519 de
1284 2481 1336 2517 sua
1351 2465 1416 2516 Fide

298 2543 386 2604 tradit,
399 2551 581 2603 assumuntur,
593 2543 751 2603 lustrantur,
763 2553 791 2594 et
803 2543 998 2608 expenduntur,
1011 2543 1083 2608 quod
1098 2543 1143 2592 fiet
1158 2544 1185 2592 in
1199 2542 1365 2607 Appendice,
1378 2541 1416 2590 ai-

297 2618 417 2668 lerentur
429 2619 585 2669 communia
596 2634 664 2684 quae
678 2618 757 2670 Nova
769 2619 889 2670 Ecclesia
900 2620 933 2670 de
946 2635 997 2670 sua
1010 2619 1074 2669 ride
1086 2617 1193 2669 docet.”

347 2733 439 2790 Ἧι.
559 2732 689 2797 Sequelae
703 2747 737 2782 ex
751 2733 957 2784 confirmatione
970 2733 1042 2797 quod
1057 2733 1132 2782 nulla
1145 2713 1181 2782 sit
1193 2731 1336 2794 imputatio
1349 2731 1415 2780 bonl

298 2815 325 2857 et
337 2807 401 2857 mali
413 2809 515 2872 absque
528 2807 625 2858 Libero
638 2808 758 2858 Arbitrio
770 2809 797 2857 ln
810 2809 1004 2872 spiritualibus,
1018 2817 1082 2858 sunt
1096 2809 1201 2871 plures:
1219 2815 1247 2856 et
1260 2807 1323 2856 illae
1338 2819 1416 2855 enor-

299 2897 365 2942 mes,
379 2883 407 2932 in
421 2883 517 2933 ultima
531 2893 606 2947 parte
618 2883 699 2946 hujus
711 2884 810 2947 operis,
825 2885 870 2933 ubi
884 2884 917 2933 de
932 2883 1097 2941 haeresibus,
1113 2881 1257 2945 paradoxis
1269 2890 1297 2930 et
1310 2889 1417 2930 contra·

298 2955 468 3018 dictionibus,
483 2960 709 3021 promanantibus
723 2974 757 3010 ex
771 2959 904 3009 hodierna
915 2959 967 3009 tide
981 2959 1141 3022 imputativa
1155 2957 1243 3006 meriti
1257 2965 1284 3006 et
1297 2956 1416 3020 justitiae

299 3033 409 3084 Domini
423 3033 473 3084 Del
485 3033 643 3095 Salvatoris,
658 3035 793 3098 agendum
806 3044 857 3095 est,
871 3035 1034 3097 aperiendae
1047 3033 1136 3084 sunt.”

348 3149 440 3207 Ὧι.
562 3147 594 3199 In
609 3150 767 3213 Appendice
781 3149 979 3200 ostendendum
997 3149 1128 3214 estquod
1147 3147 1226 3199 Fides
1244 3147 1291 3198 illa
1307 3162 1363 3198 non
1382 3148 1417 3198 sit

299 3222 461 3284 Christiana,
477 3223 541 3288 quia
553 3225 665 3275 dissidet
678 3239 696 3274 a
709 3225 809 3284 Verbo,
825 3234 852 3275 et
866 3226 938 3290 quod
952 3225 1095 3289 imputatio
1109 3225 1180 3274 illius
1195 3222 1269 3274 Fidei
1286 3223 1322 3274 sit
1335 3237 1414 3282 vana,

299 3299 361 3362 quia
372 3300 499 3350 meritum
512 3299 614 3350 Christi
626 3315 682 3350 non
694 3309 735 3351 est
747 3299 930 3365 imputabile.''

348 3413 439 3471 “750.
561 3413 641 3478 Quod
654 3415 716 3464 talis
729 3415 906 3464 Abominatio
920 3414 1104 3465 Desolationis
1115 3414 1196 3464 hodie
1209 3413 1283 3464 sitin
1298 3413 1418 3464 Ecclesia

300 3488 461 3548 Christiana,
469 3489 556 3539 adhuc
568 3490 670 3552 patebit
682 3504 715 3539 ex
728 3491 892 3554 Appendice,
902 3491 930 3540 in
943 3505 995 3554 qua
1007 3490 1140 3541 videbitur
1152 3490 1225 3554 quod
1237 3504 1293 3540 non
1306 3490 1415 3539 unicum

299 3565 446 3626 genuinum
455 3578 548 3614 verum
561 3565 589 3614 in
601 3564 721 3615 Ecclesia
730 3566 866 3617 residuum
876 3565 918 3626 sit,
931 3575 958 3615 et
970 3579 1077 3630 quoque
1087 3565 1159 3631 quod
1171 3565 1223 3616 nlsl
1237 3563 1316 3615 Nova
1326 3563 1418 3616 Eccle-

299 3641 341 3690 sia
351 3640 413 3689 loco
424 3639 572 3690 hodiernae
584 3641 770 3701 exsuscitetur,

701 3773 1018 3829 ‹uunmmvmpaac’

299 3893 447 3944 secandum
459 3894 542 3944 verba
556 3892 668 3944 Domini
681 3894 753 3958 apud
764 3895 930 3945 Matricem
942 3892 1010 3958 (cap.
1023 3894 1094 3945 xxiv.
1104 3892 1171 3958 aa?
