3322 5298
310 700 354 752 20

1019 597 1026 630 t

587 700 765 753 CANONES
787 701 918 758 Novns
941 700 1158 753 ECCLESIAE.

522 871 649 936 mentis
675 871 856 948 humanae,
879 881 915 937 et
939 872 1019 936 inde
1045 872 1079 936 in
1105 871 1319 954 agnitionem
1344 871 1434 956 apud

522 985 643 1030 omnes
654 968 745 1050 apud
757 988 843 1050 quos
854 977 908 1032 est
921 968 1041 1051 religio
1053 977 1089 1032 et
1101 987 1186 1032 sana
1196 968 1295 1032 ratio.
1332 965 1434 1050 Quod

522 1062 628 1126 etiam
647 1061 765 1126 influat
784 1061 875 1146 apud
894 1062 972 1126 illos
988 1063 1077 1146 apud
1096 1082 1183 1146 quos
1200 1081 1271 1126 non
1289 1071 1344 1127 est
1359 1061 1435 1126 reli·

522 1155 592 1237 gio,
608 1156 670 1220 sed
685 1156 777 1239 quod
793 1155 884 1240 apud
899 1157 964 1221 hos
980 1177 1050 1222 non
1066 1157 1111 1222 sit
1126 1157 1291 1241 receptio,
1304 1166 1341 1222 et
1355 1157 1435 1221 inde

524 1269 594 1313 non
612 1252 756 1333 agnitio.

374 1367 404 1438 3.
436 1351 539 1437 Quod
555 1354 649 1420 Deus
664 1356 710 1420 sit
726 1358 956 1440 omnipotens,
974 1357 1169 1433 omniscius,
1186 1365 1223 1422 et
1241 1357 1434 1440 omniprae-

523 1469 613 1526 sens,
633 1449 740 1515 homo
758 1471 795 1516 se
813 1450 1017 1516 confirmare
1035 1461 1154 1534 potest
1176 1473 1223 1515 ex
1241 1452 1435 1516 innumera·

523 1543 610 1608 libus
628 1565 716 1627 quae
738 1547 882 1610 rationis
905 1555 941 1611 et
964 1545 1065 1609 simul
1088 1545 1263 1628 religionis
1285 1555 1377 1623 sunt,
1398 1555 1435 1610 ut

523 1659 569 1705 ex
588 1641 811 1724 sequentibus
829 1641 882 1705 his
894 1661 947 1704 :-

606 1812 637 1874 4.
667 1793 834 1871 Primum,
859 1793 961 1878 Quod
978 1795 1072 1860 solus
1088 1795 1182 1861 Deus
1194 1797 1240 1861 sit
1255 1805 1291 1861 et
1304 1797 1435 1861 existat

737 1891 771 1954 in
791 1889 855 1970 Se;
879 1901 915 1956 et
934 1891 1026 1975 quod
1045 1893 1157 1956 omnis
1174 1891 1260 1956 alius
1278 1901 1315 1957 et
1333 1911 1435 1956 omne

737 1985 830 2049 aliud
849 2006 895 2050 ex
908 1986 999 2070 Ipso.

610 2103 638 2171 5.
670 2087 865 2166 Secundum,
891 2088 994 2173 Quod
1017 2090 1110 2156 solus
1134 2089 1228 2156 Deus
1250 2099 1356 2166 amet,
1381 2111 1434 2155 sa·

739 2187 821 2268 piat.
838 2196 875 2254 et
890 2188 997 2262 vivat,
1014 2196 1050 2251 et
1065 2195 1149 2268 agat
1164 2205 1186 2250 a
1203 2185 1269 2264 Se;
1293 2195 1329 2250 et
1344 2185 1434 2269 quod

738 2283 850 2344 omnis
869 2281 954 2344 alius
972 2291 1009 2346 et
1028 2299 1131 2344 omne
1150 2279 1242 2344 aliud
1261 2301 1307 2345 ex
1327 2281 1416 2364 Ipso.

608 2385 638 2450 6.
676 2385 708 2450 Τ
702 2387 834 2462 artium,
859 2384 962 2468 Quod
980 2384 1074 2450 solus
1094 2385 1187 2449 Deus
1203 2385 1313 2468 possit
1331 2405 1352 2450 a
1369 2385 1433 2464 Se;

739 2491 776 2546 et
798 2482 890 2564 quod
912 2481 1025 2545 omnis
1047 2479 1133 2544 alius
1158 2490 1195 2545 et
1217 2500 1321 2544 omne
1344 2480 1434 2545 aliud

737 2577 781 2640 ab
800 2575 890 2660 Ipso.
964 2648 969 2659 Ι

607 2695 637 2762 7.
671 2679 922 2764 Consequenter,
948 2679 1050 2763 Quod
1071 2679 1166 2744 Deus
1184 2679 1229 2744 sit
1247 2680 1362 2744 anima
1380 2689 1433 2744 to·

738 2777 826 2852 tius;
853 2796 898 2840 ex
921 2795 988 2858 qua
1007 2794 1127 2838 omnes
1150 2783 1186 2839 et
1208 2775 1330 2838 omnia'
1343 2783 1431 2848 sunt,

738 2872 868 2946 vivunt,
888 2879 924 2936 et
943 2879 1136 2934 moventur.

376 3057 405 3122 8.
438 3053 540 3139 Quod
564 3055 627 3119 nisi
651 3055 766 3118 omnia
788 3064 824 3119 et
847 3053 982 3138 singula
1004 3056 1038 3118 in
1061 3055 1190 3119 mundo
1213 3064 1249 3119 et
1276 3053 1375 3119 caelo
1397 3074 1433 3118 se

524 3149 688 3214 referrent
712 3151 755 3214 ad
779 3149 906 3226 Unum,
931 3151 988 3233 qui
1011 3159 1075 3224 est,
1095 3151 1191 3225 vivit,
1215 3159 1251 3214 et
1274 3158 1434 3234 potesta

524 3243 579 3321 Se,
600 3246 793 3309 universum
813 3255 991 3309 momento
1010 3245 1241 3327 dissiparetur.

375 3357 405 3424 9.
437 3338 539 3424 Quod
562 3341 641 3405 inde
660 3341 853 3404 universum
875 3359 896 3404 a
919 3339 995 3404 Deo
1013 3349 1167 3404 creatum
1186 3341 1231 3404 sit
1254 3338 1433 3422 plenitudo

525 3436 599 3500 Dei.
645 3433 759 3518 Quare
779 3435 857 3519 lpse
875 3435 958 3500 dicit
974 3434 1066 3518 quod
1085 3436 1130 3498 sit

591 3589 719 3640 “Primus
733 3599 760 3639 et
774 3587 917 3648 Ultimus‚”
930 3587 1117 3652 “Principium
1131 3597 1159 3638 et
1171 3585 1270 3646 Pinisss'
1282 3587 1397 3719 “Alfius
1407 3595 1435 3636 et

656 3653 785 3786 ‘Orgrefaii’
795 3655 869 3719 “Qui
880 3653 938 3714 init,
950 3665 1000 3714 est,
1011 3663 1039 3704 et
1050 3655 1108 3715 erit,
1121 3653 1301 3718 Omnipotens
1307 3653 1322 3674 ”
1334 3653 1344 3716 (

657 3737 674 3772 ι.
703 3759 709 3782 ,
741 3734 752 3770 1
779 3757 785 3772 .

1357 3655 1433 3718 apoc.

359 3894 406 3944 10.
438 3875 542 3960 Quod
565 3875 783 3942 conservatio
805 3874 962 3950 universi,
976 3894 1063 3958 quae
1081 3883 1135 3939 est
1155 3883 1319 3958 perpetua
1337 3891 1433 3937 crea·

526 3974 586 4050 tio,
603 3974 648 4038 sit
667 3971 806 4055 plenum
822 3971 1056 4034 testimonium
1072 3969 1164 4054 quod
1183 3969 1277 4033 Deus
1295 3969 1340 4033 sit
1359 3988 1433 4032 om·

525 4068 697 4152 nipotens,
718 4066 911 4140 omniscius,
932 4075 969 4129 et
986 4065 1255 4148 omnipraesens.

358 4189 406 4238 11.
439 4169 541 4256 Quod
557 4172 729 4255 opposita,
746 4190 832 4255 quae
851 4179 930 4235 sunt
946 4168 1048 4245 mala,
1066 4189 1135 4234 non
1147 4165 1341 4234 ¹¹¹toilantur
1356 4169 1434 4252 quia

526 4267 620 4332 Deus
643 4269 687 4330 sit
711 4266 941 4350 omnipotens,
965 4265 1160 4340 ommatius,
1180 4273 1217 4328 et
1240 4265 1433 4347 omniprae-

526 4381 624 4440 sens;
655 4362 734 4444 quia
756 4359 848 4424 mala
869 4370 949 4424 sunt
969 4369 1070 4425 extra
1092 4356 1255 4442 sumena,
1271 4368 1307 4423 et
1331 4367 1433 4423 extra

524 4465 651 4533 creata,
673 4465 709 4520 et
732 4476 801 4520 non
825 4464 1009 4540 penetrant
1027 4455 1071 4520 ad
1095 4454 1220 4520 Divina
1241 4473 1328 4539 quae
1351 4461 1431 4518 sunt

525 4551 624 4616 intra.
