3282 5294
627 701 679 754 os
700 699 932 752 crismam.
1299 703 1339 770 41

223 870 243 922 1.
270 869 343 927 Orod
350 869 409 939 ι’ρω
420 868 536 924 aderitus
547 868 584 924 ait
593 869 619 923 iu
631 869 732 924 Iuturna
744 867 852 930 homine.
864 873 893 922 et
901 867 1003 938 signum
1015 867 1074 936 eiua
1084 865 1110 922 ir
1121 867 1239 922 cuano.

283 1001 385 1086 Quod
398 1003 555 1068 Internus
567 1011 602 1067 et
615 1002 790 1067 Externus
801 1002 905 1067 homo
917 1003 970 1078 sit,
984 1011 1103 1066 notum
1114 1011 1167 1067 est
1180 1023 1187 1082 ;
1203 1011 1239 1067 et
1251 1001 1342 1086 quod

217 1096 375 1162 lntemus
391 1098 494 1162 homo
509 1097 640 1161 dicatur
655 1097 789 1179 spiritus
805 1106 840 1161 et
861 1095 1035 1160 Externus
1051 1117 1139 1173 caro,
1156 1099 1259 1161 etiam
1280 1117 1341 1161 no·

215 1201 286 1255 tum
309 1203 363 1256 est
376 1214 384 1270 ;
415 1193 491 1274 quia
513 1192 644 1268 dicitur,
668 1201 703 1255 et
730 1212 751 1255 a
778 1191 978 1274 quibusdam
1001 1193 1227 1273 cognoscitur,
1251 1189 1341 1274 quod

213 1304 328 1368 pugna
339 1287 383 1350 sit
398 1287 487 1350 inter
496 1287 648 1367 spiritum
661 1295 695 1350 et
708 1304 856 1350 carnem.
901 1283 1043 1366 Spiritus
1055 1285 1110 1368 qui
1123 1295 1252 1368 pugnat
1265 1305 1341 1350 cum

212 1399 324 1453 carne,
341 1389 394 1444 est
410 1381 563 1444 internus
578 1380 692 1454 homo,
705 1381 761 1462 qui
776 1388 829 1443 est
846 1377 1003 1443 charitas.

276 1473 434 1538 Intemus
450 1474 554 1538 homo
569 1473 675 1556 qualis
691 1483 754 1549 est,
773 1491 841 1536 non
857 1481 972 1554 potest
995 1494 1031 1537 se
1050 1473 1265 1538 manifestare
1283 1493 1341 1539 co·

212 1585 284 1630 ram
301 1567 436 1631 homine
459 1569 521 1631 nisi
544 1587 604 1650 per
622 1567 834 1646 Externum3
858 1567 1051 1631 manifestat
1074 1587 1110 1632 se
1133 1587 1209 1631 cum
1228 1587 1342 1650 pugna

212 1670 265 1724 est
278 1680 355 1724 cum
368 1661 545 1741 Externo;
569 1663 730 1744 imprimis
745 1682 781 1726 se
795 1661 998 1738 manifestat,
1012 1681 1088 1726 cum
1104 1661 1207 1726 homo
1219 1661 1340 1744 explo-

212 1763 265 1818 rat
280 1775 328 1830 se,
341 1767 376 1819 et
393 1757 486 1820 videt
502 1777 561 1820 sua
577 1755 677 1832 mala,
693 1766 728 1820 et
747 1777 792 1820 ex
808 1756 1002 1838 cognitione
1018 1754 1199 1820 confitetur
1214 1755 1284 1832 illa,
1300 1776 1340 1821 ac

213 1850 343 1932 cogitat
360 1850 402 1914 de
419 1851 640 1932 poenitentia,
657 1859 692 1914 et
713 1860 794 1914 tunc
810 1850 936 1914 resistit
952 1851 1019 1912 suis
1035 1849 1142 1927 malis,
1158 1860 1194 1914 et
1213 1851 1340 1934 satagit

212 1943 325 2008 vivere
342 1963 467 2008 novam
483 1945 600 2008 vitam.

276 2035 311 2100 Si
334 2037 437 2102 homo
459 2037 517 2102 illa
539 2059 607 2102 non
629 2037 719 2114 facit,
739 2037 899 2102 Internus
922 2037 1026 2102 homo
1041 2048 1094 2104 est
1110 2038 1238 2128 malus3
1262 2047 1297 2104 at
1313 2039 1341 2102 si

213 2129 271 2194 illa
285 2130 375 2208 iacit,
394 2132 551 2196 Internus
567 2133 670 2197 homo
685 2142 739 2197 est
758 2133 875 2196 bonus.
922 2132 1087 2196 Dominus
1102 2135 1191 2198 enim
1208 2154 1268 2216 per
1284 2134 1340 2197 In·

212 2235 347 2290 ternum
363 2225 535 2290 hominem
550 2235 709 2309 operatur
723 2227 757 2290 in
782 2225 997 2305 Externum3
1023 2236 1059 2291 et
1082 2228 1159 2310 quia
1171 2237 1251 2292 tunc
1268 2247 1339 2291 ma-

212 2319 283 2383 lum
295 2320 421 2402 residet
436 2321 469 2383 in
486 2319 653 2397 Externo,
667 2318 705 2384 fit
721 2340 854 2403 pugna3
874 2321 907 2384 in
924 2320 1116 2385 Externum
1129 2323 1218 2385 enim
1230 2321 1339 2385 homi·

213 2433 302 2490 nem,
319 2415 374 2497 qui
396 2425 538 2479 vocatur
555 2434 644 2490 caro,
662 2415 889 2478 admittuntur
903 2415 1037 2496 spiritus
1060 2436 1105 2480 ex
1128 2415 1267 2491 inferno,
1285 2417 1341 2499 qui

212 2517 378 2572 vocantur
393 2508 556 2585 diabolus,
573 2519 608 2572 et
625 2509 790 2573 Dominus
808 2509 898 2590 apud
921 2509 1093 2574 hominem
1116 2518 1247 2592 pugnat
1262 2529 1339 2574 cum

212 2600 285 2680 illo;
307 2611 342 2667 et
357 2603 385 2666 si
401 2603 504 2668 homo
515 2604 619 2668 etiam
631 2605 717 2668 sicut
727 2624 773 2666 ex
785 2623 821 2667 se
834 2611 976 2686 pugnat,
986 2604 1111 2682 vincit;
1129 2612 1165 2669 et
1175 2614 1339 2687 quantum

215 2693 397 2780 [diabolus]
416 2697 568 2772 vincitur,
585 2707 719 2760 tantum
732 2697 831 2762 datur
841 2696 935 2762 locus
951 2717 1013 2779 pro
1024 2697 1121 2762 bonis
1136 2718 1181 2761 ex
1199 2698 1339 2763 Intemo

213 2791 350 2855 homine
374 2802 411 2854 ut
433 2793 570 2855 intrent.
616 2791 670 2855 Ita
691 2792 794 2856 homo
809 2791 997 2855 successive
1012 2790 1051 2856 fit
1067 2811 1174 2856 novus
1189 2801 1225 2856 et
1241 2812 1338 2874 rege-

213 2897 361 2950 neratur.
896 2966 900 2976 Ι

277 2977 445 3062 Quicquid
464 2978 622 3044 Internus
637 2979 741 3043 homo
761 2978 927 3060 producit,
943 2988 979 3043 et
1001 2979 1090 3043 sistit
1105 2978 1287 3043 videndum
1303 2989 1338 3044 et

212 3074 427 3138 sentiendum
443 3075 476 3137 in
494 3073 661 3150 Extemo,
678 3083 819 3137 vocatur
834 3073 978 3156 signum.
1023 3071 1057 3137 Si
1073 3073 1220 3138 charitas
1234 3083 1287 3138 est
1305 3075 1338 3137 in

214 3167 365 3242 interno,
383 3168 538 3249 producit
561 3177 598 3232 ut
620 3167 725 3231 homo
740 3164 892 3232 refledtat
907 3185 1008 3248 super
1022 3166 1112 3230 mala
1129 3167 1218 3249 apud
1240 3187 1287 3246 se,
1303 3178 1338 3232 et

212 3259 390 3327 actualiter
407 3264 585 3344 cognoscit
607 3271 643 3326 et
666 3263 729 3326 scit
753 3260 821 3337 illa,
840 3271 875 3325 et
898 3262 945 3325 sic
969 3280 1079 3342 porro.
1124 3259 1159 3326 Si
1181 3261 1246 3326 hoc
1270 3283 1338 3326 non

212 3355 303 3432 iacit,
320 3367 501 3420 externum
517 3356 587 3439 ejus
606 3375 673 3420 non
697 3365 750 3420 est
773 3357 906 3438 signum
924 3354 1109 3431 charitatis,
1126 3365 1161 3420 et
1184 3357 1211 3419 si
1235 3377 1338 3440 usque

213 3460 394 3515 externum
410 3461 463 3514 est
485 3451 627 3515 incultu
643 3460 678 3515 et
697 3451 836 3532 pietate,
851 3468 919 3513 non
935 3460 988 3512 est
1003 3449 1137 3530 signum
1152 3449 1337 3527 charitatis,

213 3545 273 3608 sed
289 3554 342 3609 est
363 3545 509 3609 charitas
525 3555 670 3609 externa
684 3544 810 3627 absque
826 3543 991 3608 charitate
1007 3545 1149 3620 interna,
1166 3564 1251 3627 quae
1270 3565 1338 3608 non

213 3647 266 3702 est
282 3639 439 3704 charitas.
1090 3669 1092 3676 ¹

278 3733 340 3798 Per
355 3735 488 3815 signum
506 3731 706 3815 intelligitur
720 3731 877 3795 indicium
900 3741 936 3796 et
959 3729 1154 3796 testificatio
1170 3730 1260 3815 quod
1282 3733 1337 3810 sit,

214 3828 291 3910 quia
305 3828 418 3910 signat
434 3837 469 3890 et
485 3825 662 3908 significat,
679 3845 718 3890 ac
734 3827 861 3890 indicat
876 3835 911 3890 et
927 3824 1098 3890 testificat.

277 3919 453 3985 Internum
466 3921 591 4002 absque
604 3921 703 4002 signo
714 3940 785 3995 suo,
796 3919 919 3983 indicio
928 3940 999 3995 suo,
1009 3939 1076 3983 non
1089 3920 1201 3997 datur;
1218 3921 1245 3983 si
1258 3919 1337 3983 cha·

214 4015 295 4079 ritas
307 4023 360 4079 est
376 4015 409 4077 in
426 4013 566 4078 Interno
582 4013 718 4078 homine
734 4033 792 4078 seu
807 4015 840 4077 in
857 4013 984 4096 spiritu,
1000 4023 1035 4078 et
1051 4012 1109 4076 illa
1123 4032 1192 4076 non
1208 4022 1338 4096 pugnat

215 4127 291 4174 cum
317 4119 463 4173 externo
493 4108 628 4172 homine
659 4117 694 4172 et
723 4107 793 4190 ejus
819 4127 930 4182 carne,
958 4108 1045 4190 perit
1071 4106 1228 4171 charitas.
1265 4105 1337 4170 'Est

215 4203 300 4266 sicut
315 4203 390 4266 sons
406 4221 507 4284 purae
523 4221 640 4284 aquae,
653 4203 680 4266 si
695 4221 764 4266 non
776 4202 875 4266 datur
886 4203 1009 4277 exitus,
1023 4211 1161 4284 stagnat
1174 4223 1182 4280 ;
1205 4210 1240 4265 et
1255 4209 1337 4265 tunc

215 4295 269 4360 vel
291 4305 403 4360 cessat
426 4317 513 4360 vena
543 4296 623 4377 ejus,
653 4295 709 4360 vel
739 4317 784 4361 ex
815 4297 1032 4378 stagnatione
1055 4296 1218 4360 foedascit
1240 4315 1337 4378 aqua.

217 4389 330 4455 Plures
345 4389 618 4455 confirmationes
633 4389 711 4455 alibi
727 4411 773 4454 ex
785 4389 902 4455 Verbo
917 4391 959 4454 de
975 4390 1035 4454 his.
