3282 5294
680 683 730 733 DE
752 681 984 733 CHARITATE.

538 1023 844 1108 [Anncuuus]
873 1023 1133 1091 sncunuus

272 1221 385 1306 QUOD
401 1237 604 1288 SECUNDUM
620 1237 851 1288 CHARITATIS
867 1238 924 1288 SIT
947 1237 1094 1288 FACERE
1116 1237 1248 1290 BONUM
1269 1237 1388 1290 'PROX-

395 1331 475 1381 IMO.

337 1491 423 1576 [Ex]
440 1491 768 1577 EsaJir‚capite1¹,!2;
791 1503 827 1558 et
837 1494 880 1558 de
895 1494 1018 1576 poculo
1029 1503 1065 1560 et
1075 1495 1192 1577 patina
1200 1515 1286 1578 quae
1298 1495 1389 1563 intus

270 1589 445 1668 purganda
461 1590 558 1670 prius.

335 1679 471 1762 Quodsi
484 1701 551 1744 non
566 1692 767 1762 purgantur,
777 1678 992 1764 “appareant
1005 1703 1109 1765 usque
1119 1683 1269 1746 exterius
1283 1682 1388 1760 bona3

270 1775 360 1856 quod
382 1775 448 1838 hoc
471 1777 515 1840 sit
538 1775 762 1840 Pharisaicum
785 1797 845 1840 seu
867 1767 1124 1858 hypocriticum,
1141 1775 1195 1840 vel
1218 1776 1388 1859 quoddam

271 1867 424 1931 naturale
440 1869 473 1931 in
489 1890 556 1951 quo
572 1889 640 1934 non
657 1869 839 1951 spirituale,
856 1871 903 1933 ita
919 1871 1043 1934 bonum
1059 1871 1226 1952 spurium3
1248 1881 1284 1935 et
1300 1871 1328 1934 si
1350 1869 1388 1934 fit

269 1971 408 2044 propter
424 1961 580 2039 salutern,
596 1972 649 2026 est
664 1964 791 2027 bonum
806 1965 1022 2028 meritorium.

334 2053 402 2119 Sed
417 2055 501 2118 haec
517 2055 717 2120 illustranda
731 2065 810 2120 sunt
826 2059 859 2121 in
876 2057 940 2122 hoc
957 2059 1072 2122 ordine
1084 2078 1137 2121 :-

505 2209 525 2261 1.
552 2208 624 2266 duod
632 2225 682 2263 non
701 2211 765 2264 velle
776 2211 871 2262 mulum
885 2213 973 2263 lucere
981 2210 1098 2278 prorr'mo
1110 2210 1147 2264 sit
1156 2225 1247 2264 amon
1257 2211 1336 2264 iilum.

500 2304 528 2356 2.
554 2303 626 2361 duod
637 2305 701 2358 rollo
712 2305 805 2358 bonum
817 2308 906 2358 fucere
914 2305 1031 2374 pruriens
1042 2306 1080 2359 sit
1088 2321 1179 2358 amnne
1189 2306 1268 2359 illum.

503 2399 531 2452 3.
557 2399 630 2456 duod
638 2405 761 2468 quantum
772 2401 846 2452 homo
857 2415 908 2453 non
922 2401 976 2453 vult
986 2403 1080 2453 mulum
1094 2403 1182 2454 rosere
1190 2401 1313 2470 proximo,
1329 2407 1386 2455 tun·

602 2471 655 2520 tum
667 2467 728 2519 vetit
735 2466 762 2519 oi
771 2469 860 2519 tumre
868 2467 960 2520 mum
972 2481 1004 2519 er
1015 2467 1158 2526 chariato:
1170 2473 1254 2520 anon
1266 2467 1386 2522 veisun.

499 2563 524 2615 4.
551 2562 624 2620 duod
637 2561 696 2615 r'nds
713 2567 846 2630 sequntur.
858 2563 928 2630 quod
939 2562 1051 2631 primum
1069 2562 1204 2616 abundatio
1214 2563 1252 2616 αϊ
1266 2567 1386 2630 specim

602 2629 638 2682 nd
647 2629 779 2682 dominum
792 2633 820 2682 ot
836 2631 928 2696 {upon
944 2630 1013 2682 mnia
1031 2633 1061 2682 ut
1073 2633 1199 2696 peccatur
1216 2633 1245 2682 ot
1258 2629 1329 2698 quod
1342 2643 1386 2684 u·

601 2695 711 2748 cundum
723 2694 859 2748 eharitatis
869 2695 907 2748 sii
917 2697 1006 2748 Ιαοονο
1018 2695 1109 2748 tonum
1118 2695 1243 2763 proximo.

271 2883 290 2934 1.
316 2881 389 2939 duod
397 2897 447 2935 non
459 2883 523 2936 rollo
535 2884 623 2934 Ιασονο
635 2883 729 2934 mulum
739 2883 855 2951 proximo
867 2883 904 2936 ait
913 2898 1004 2937 amm
1013 2883 1094 2936 iilum.

331 3007 397 3090 Qui
409 3010 499 3072 enim
511 3018 603 3072 amat
616 3009 771 3084 alterum,
785 3029 852 3073 non
864 3009 943 3074 iacit
959 3010 1007 3073 illi
1021 3009 1167 3088 malum;
1190 3010 1272 3074 dicit
1284 3009 1386 3074 etiam

270 3103 403 3178 Paulus,
416 3103 505 3184 quod
521 3104 576 3184 qui
591 3112 684 3166 amat
700 3104 902 3185 proximum,
915 3113 1028 3168 servet
1044 3114 1262 3186 praeceptum
1276 3103 1386 3168 Deca-

267 3197 347 3278 logi‚
364 3217 432 3260 non
452 3196 525 3260 vult
548 3197 712 3272 occidere,
729 3217 798 3260 non
813 3197 887 3261 vult
909 3201 1050 3262 scortari
1072 3218 1148 3262 curn
1170 3218 1277 3261 uxore
1299 3196 1385 3261 alte·

266 3291 343 3366 rius,
367 3311 436 3353 non
458 3289 531 3353 vult
553 3291 661 3366 furari,
686 3310 754 3354 non
776 3291 895 3354 salsum
918 3301 1044 3356 testem
1066 3293 1157 3373 agit;
1181 3311 1283 3374 quare
1304 3291 1385 3353 dicit

269 3384 360 3466 quod
373 3384 557 3466 ‘plenitudo
573 3384 658 3466 legis
674 3385 717 3447 sit
733 3384 889 3448 charitas.
934 3383 1001 3448 Sed
1017 3387 1187 3468 quaeritur
1202 3385 1281 3467 quid
1296 3385 1384 3466 prius

266 3487 302 3542 et
329 3478 408 3560 quid
439 3480 615 3559 posterius,
639 3498 718 3540 num
742 3479 832 3559 prius
854 3479 898 3542 sit
921 3497 1032 3543 amare
1056 3479 1259 3560 proximum,
1282 3487 1318 3540 et
1339 3495 1384 3540 ex

266 3591 381 3636 amore
397 3571 455 3636 illo
470 3571 528 3635 illa
544 3592 611 3636 non
633 3573 753 3648 facere,
770 3572 830 3636 vel¹
841 3592 920 3636 num
943 3575 1033 3654 prius
1048 3572 1106 3636 illa
1120 3572 1210 3636 mala
1231 3593 1252 3636 a
1274 3591 1310 3635 se
1332 3591 1384 3635 re·

266 3686 413 3741 movere,
430 3676 465 3730 et
488 3667 535 3729 sic
559 3687 671 3730 amare
695 3667 895 3748 proximum.
945 3666 1022 3731 Hoc
1045 3667 1184 3730 evidens
1206 3675 1271 3742 est,
1294 3666 1383 3748 quod

266 3761 321 3842 qui
351 3769 444 3823 amat
468 3761 659 3841 proximum
683 3759 740 3823 illa
769 3779 837 3824 non
867 3760 977 3824 saciat.
1022 3759 1089 3826 Sed
1112 3762 1281 3844 quaeritur
1302 3779 1384 3842 quo·

266 3853 369 3918 modo
391 3855 465 3936 quis
487 3863 602 3935 potest
625 3873 738 3917 amare
760 3856 962 3935 proximum,
979 3873 1058 3917 num
1081 3855 1188 3936 possit
1203 3862 1385 3935 antequam

266 3947 323 4011 illa
336 3947 425 4010 mala
437 3947 533 4030 sugit,
546 3957 582 4012 et
594 3957 724 4030 pugnat
737 3957 857 4012 contra
868 3947 935 4012 illa.
980 3947 1136 4030 Apparet
1148 3948 1235 4011 sicut
1247 3948 1318 4028 ipse
1330 3945 1385 4010 ille

266 4061 361 4105 arnor
383 4051 533 4124 pugnat;
564 4051 599 4106 et
622 4050 763 4122 pugnat,
787 4042 847 4105 sed
870 4061 938 4104 non
961 4043 1151 4123 priusquam
1173 4059 1250 4104 cum
1272 4041 1305 4104 in
1328 4038 1386 4104 illo

268 4145 341 4214 est;
365 4136 425 4198 sed
441 4136 532 4218 quod
548 4137 581 4198 in
597 4134 690 4198 illurn
706 4153 856 4199 amorem
872 4155 940 4199 non
957 4137 1064 4217 possit
1079 4135 1203 4210 venire,
1220 4135 1283 4197 nisi
1298 4134 1386 4215 prius

267 4239 442 4292 removeat
458 4229 549 4292 mala
561 4229 627 4305 illa,
641 4239 797 4293 constare
810 4239 924 4311 potest
938 4250 982 4292 ex
995 4251 1046 4304 eo,
1060 4228 1150 4311 quod
1163 4228 1386 4310 unusquisque

266 4323 370 4386 homo
393 4343 437 4386 ex
461 4323 642 4387 nativitate
665 4325 708 4386 sit
731 4325 765 4386 in
788 4324 897 4387 omnis
919 4325 1052 4405 generis
1075 4321 1182 4398 malis,
1206 4322 1296 4404 quod
1318 4339 1385 4385 non

268 4417 487 4498 concupiscat
510 4417 599 4480 aliud
622 4437 722 4500 quarn
745 4417 835 4500 quod
858 4418 983 4480 malum
1006 4427 1070 4494 est,
1094 4426 1130 4481 et
1152 4417 1243 4499 quod
1265 4416 1293 4478 si
1319 4434 1386 4478 non

267 4512 514 4593 poenitentiam
537 4511 580 4574 ab
605 4511 671 4575 illis
693 4511 775 4594 agit,
799 4511 879 4574 inibi
902 4521 1057 4602 maneat;
1089 4531 1190 4592 quare
1219 4507 1277 4572 illa
1299 4507 1387 4572 mala

269 4604 420 4683 obstant,
437 4614 475 4670 ut
490 4625 558 4669 non
573 4625 618 4670 ex
635 4625 749 4670 amore
765 4605 927 4688 spirituali
947 4603 1006 4670 illo
1022 4607 1128 4687 possit
1144 4623 1256 4668 amare
1272 4603 1386 4686 proxi-
