3322 5298
757 736 809 790 ua
830 735 919 790 oro,
1358 737 1371 787 r
1378 736 1394 806 5

490 914 575 981 tuali
590 924 627 982 et
642 914 713 999 ejus
725 915 816 994 Sole,
830 925 866 982 et
882 918 925 984 de
940 919 1254 1002 correspondentia,
1268 939 1395 1003 nequa·

490 1029 593 1094 quarn
605 1011 739 1094 concipi
755 1013 884 1095 possit;
907 1021 944 1077 et
955 1012 1046 1096 quod
1062 1022 1254 1096 propterea,
1267 1013 1311 1077 de
1323 1031 1395 1078 cre·

490 1104 608 1170 atione
626 1105 772 1170 universi
790 1106 987 1188 prodierunt
1005 1105 1218 1190 hypotheses
1235 1106 1395 1172 fundatae

490 1217 591 1282 super
608 1199 841 1278 naturalismo,
858 1221 944 1284 quae
962 1201 1086 1266 fatuae.

626 1707 787 1776 carun
809 1706 1049 1792 Qumrun.

280 1917 339 1984 Da
360 1917 504 1984 Drvrno
526 1915 671 1984 Auorts
693 1931 742 1982 ar
765 1917 908 1982 Drvrnn
930 1915 1139 1984 Sarranus
1160 1931 1202 1982 nr
1225 1916 1320 1984 Dao.

347 2144 373 2194 1.
407 2124 510 2210 Quod
539 2125 651 2192 Amor
677 2135 714 2191 et
743 2123 919 2210 Sapientia
947 2126 1018 2190 sint
1047 2126 1115 2190 duo
1141 2125 1337 2190 essentialia
1361 2135 1397 2192 et

490 2219 693 2286 universalia
705 2218 810 2285 Vitae
822 2241 831 2299 ;
854 2219 965 2284 Amor
977 2219 1065 2285 Esse
1077 2219 1193 2298 Vitae,
1207 2228 1243 2286 et
1256 2219 1397 2304 Sapien-

491 2316 539 2380 tia
555 2314 717 2380 Existere
730 2313 835 2380 Vitae
854 2315 898 2378 ab
915 2313 976 2378 illo
994 2313 1091 2379 Esse.

344 2425 374 2475 2.
404 2406 507 2492 Quod
530 2409 624 2474 Deus
646 2409 691 2473 sit
713 2409 786 2492 ipse
808 2407 920 2472 Amor
941 2416 978 2473 et
999 2409 1075 2492 ipsa
1096 2406 1292 2492 Sapientia;
1319 2410 1397 2494 quia

491 2513 546 2568 est
564 2504 674 2587 ipsum
692 2503 781 2568 Esse
799 2514 835 2569 et
854 2502 1017 2568 Existere
1035 2503 1069 2568 in
1087 2524 1135 2567 se.

345 2614 374 2682 3.
405 2595 507 2681 Quod
530 2599 594 2662 nisi
613 2597 707 2662 Deus
725 2606 818 2663 esset
840 2598 912 2680 ipse
931 2596 1042 2662 Amor
1059 2607 1096 2662 et
1118 2598 1192 2682 ipsa
1210 2595 1396 2681 Sapientia,

491 2712 561 2758 non
583 2692 671 2758 soret
693 2691 820 2775 aliquid
842 2692 967 2756 amoris
993 2701 1030 2756 et
1055 2691 1182 2775 aliquid
1209 2692 1397 2775 sapientiae

491 2785 581 2870 apud
591 2785 736 2869 angelos
746 2787 780 2850 in
790 2785 888 2852 caelo
898 2796 934 2851 et
944 2786 1034 2869 apud
1046 2785 1203 2851 homines
1215 2787 1249 2850 in
1259 2786 1395 2850 mundo.

342 2899 374 2964 4
405 2879 508 2964 Quod
523 2890 689 2964 quantum
708 2879 823 2963 angeli
841 2889 877 2945 et
896 2880 1051 2944 homines
1067 2881 1228 2945 uniuntur
1244 2879 1320 2944 Deo
1338 2901 1397 2964 per

492 2975 695 3058 sapientiam
718 2983 755 3039 et
777 2993 941 3050 amorem,
961 2983 1097 3039 tantum
1119 2975 1156 3038 in
1178 2995 1260 3039 vero
1282 2993 1397 3039 amore

491 3079 528 3134 et
546 3070 581 3133 in
598 3087 680 3133 vera
698 3069 866 3152 sapientia
885 3069 963 3134 sint.

346 3177 373 3247 5.
404 3161 507 3246 Quod
530 3163 598 3227 duo
616 3163 806 3246 procedant
824 3184 845 3227 a
861 3161 1016 3246 Jehovah
1036 3162 1122 3240 Deo,
1142 3181 1203 3246 per
1225 3159 1341 3227 Solem
1364 3163 1397 3227 in

492 3256 585 3339 cujus
608 3256 722 3322 medio
744 3257 949 3334 est-calor
970 3267 1007 3322 et
1026 3256 1111 3336 lux;
1134 3265 1170 3321 et
1193 3257 1285 3340 quod
1304 3255 1398 3322 calor

492 3351 572 3416 inde
590 3351 779 3435 procedens
798 3352 844 3416 sit
861 3371 969 3428 amor,
988 3361 1024 3415 et
1043 3350 1105 3416 lux
1122 3351 1303 3434 sapientia.

342 3445 373 3512 6.
408 3443 511 3529 Quod
542 3444 603 3509 lux
630 3445 756 3509 exinde
782 3444 973 3528 procedens
999 3445 1044 3510 sit
1070 3444 1235 3528 splendor
1260 3443 1396 3520 amoris,

491 3540 547 3624 qui
565 3541 600 3604 in
618 3539 736 3604 Verbo
753 3539 958 3622 intelligitur
974 3559 1035 3624 per
1055 3536 1259 3623 “gloriam''

344 3649 375 3718 7.
406 3631 509 3718 Quod
526 3632 587 3698 lux
605 3632 666 3698 illa
683 3633 728 3697 sit
746 3634 820 3716 ipsa
838 3635 921 3698 vita.

343 3730 372 3794 8.
404 3726 506 3812 Quod
525 3727 640 3811 angeli
658 3737 694 3792 et
713 3727 870 3792 homines
889 3737 1028 3794 tantum
1045 3729 1114 3794 vivi
1131 3727 1212 3805 sint,
1231 3735 1397 3812 quantum

490 3823 525 3886 in
543 3822 712 3905 sapientia
729 3843 775 3888 ex
793 3841 910 3888 amore
928 3833 1008 3888 sunt
1026 3843 1048 3888 a
1066 3823 1153 3888 Deo.

342 3933 373 4000 9
406 3913 509 3999 Quod
535 3915 645 3980 simile
671 3915 727 3992 sit,
755 3917 783 3980 si
809 3916 942 3982 dicatur
968 3917 1059 4001 quod
1089 3915 1184 3982 Deus
1213 3917 1259 3981 sit
1287 3917 1398 4000 ipsum

491 4009 625 4075 Bonum
640 4019 677 4075 et
692 4011 801 4094 ipsum
814 4009 955 4088 Verum.
970 4013 1041 4077 sive
1058 4013 1131 4095 ipse
1146 4010 1259 4075 Amor
1273 4011 1399 4094 etipsa

491 4101 689 4187 Sapientia;
716 4103 876 4188 quoniam
899 4125 1001 4170 omne
1028 4105 1155 4170 bonum
1177 4115 1232 4170 est
1261 4105 1396 4180 amoris,

491 4206 528 4263 et
546 4217 648 4263 ornne
663 4217 779 4262 verum
798 4208 853 4264 est
871 4199 1070 4283 sapientiae.

325 4307 373 4358 ιο.
404 4289 507 4375 Quod
529 4311 625 4358 amor
642 4302 679 4358 et
702 4293 871 4376 sapientia
893 4295 962 4358 sint
980 4293 1225 4378 inseparabiles
1247 4311 1288 4357 ac
1310 4291 1397 4357 indi·

490 4386 602 4465 vidui;
629 4385 786 4452 similiter
808 4388 935 4452 bonum
958 4397 994 4454 et
1012 4406 1150 4453 verum:
1178 4393 1396 4470 quapropter,

490 4477 600 4564 qualis
618 4489 672 4545 est
689 4498 786 4545 amor
804 4482 893 4564 apud
912 4479 1056 4564 angelos
1074 4489 1111 4546 et
1129 4480 1297 4556 homines,
1317 4477 1397 4543 talis

490 4583 544 4640 est
562 4575 730 4658 sapientia
747 4569 838 4660 apud
856 4575 954 4656 illos;
985 4595 1046 4640 seu
1064 4575 1155 4659 quod
1178 4575 1280 4651 idem,
1296 4573 1397 4658 quale

489 4678 544 4736 est
561 4669 689 4736 bonum
704 4669 776 4738 tale
791 4679 845 4736 est
861 4689 998 4752 verum;
1021 4689 1091 4735 non
1108 4679 1225 4736 autem
1237 4669 1395 4735 vicissim.
