3288 5294
433 657 482 709 nr
504 657 588 724 sJus
610 655 809 710 nocturna
831 656 1105 709 exeussus-u.
1126 656 1196 726 325.
1308 657 1368 726 ¹79

310 839 404 909 3²1.
431 824 548 908 Ipsum
561 823 695 906 'regium
713 843 783 887 non
799 831 853 887 est
868 823 902 886 in
918 841 1077 905 persona,
1094 822 1154 886 sed
1170 820 1367 904 adjunt'tum

253 925 305 981 est
324 935 499 1000 personae.
545 916 624 980 Rex
643 917 698 999 qui
718 916 826 980 credit
843 915 934 998 quod
953 915 1083 997 regium
1099 915 1143 978 sit
1162 915 1194 977 in
1214 935 1274 978 sua
1293 935 1368 996 per·

252 1029 345 1084 sona,
365 1019 401 1073 et
424 1007 613 1092 praeieEtus
636 1011 692 1092 qui
715 1010 823 1073 credit
845 1009 937 1092 quod
964 1006 1195 1092 praesceturae
1218 1009 1369 1090 dignitas

252 1103 296 1167 sit
315 1104 348 1166 in
368 1123 429 1166 sua
446 1123 602 1186 persona,
620 1123 688 1166 non
707 1104 807 1186 sapit.

310 1213 404 1282 322.
437 1197 585 1281 Regium
614 1199 773 1263 consistit
806 1199 839 1262 in
872 1198 1145 1262 administrando
1180 1198 1368 1262 secundum

253 1291 347 1374 leges
363 1291 470 1373 regni,
488 1301 522 1355 et
539 1293 572 1354 in
585 1289 770 1372 judicando
785 1291 972 1355 secundum
988 1290 1064 1355 illas
1080 1312 1125 1354 ex
1141 1289 1243 1372 justo.
1289 1289 1368 1354 Rex

252 1385 307 1468 qui
330 1383 464 1468 spectat
484 1384 579 1467 leges
598 1405 699 1468 supra
717 1405 764 1462 se,
785 1386 812 1448 is
831 1386 941 1469 sapit3
965 1385 1021 1468 qui
1040 1394 1156 1449 autem
1175 1381 1309 1468 speetat
1332 1406 1369 1449 se

253 1481 352 1561 supra
371 1479 477 1561 leges,
492 1481 519 1542 is
539 1499 607 1542 non
626 1479 726 1562 sapit.
771 1478 850 1542 Rex
868 1481 924 1562 qui
941 1477 1075 1562 spetiat
1091 1479 1186 1562 leges
1203 1500 1304 1562 supra
1319 1500 1367 1554 se,

253 1573 280 1636 is
296 1573 425 1655 regium
441 1575 537 1656 ponit
554 1575 586 1636 in
607 1573 694 1655 iege,
709 1583 744 1637 et
761 1573 820 1636 lex
837 1575 1032 1637 dominatur
1048 1594 1149 1656 super
1164 1573 1279 1652 illurn3
1303 1575 1368 1638 scit

252 1668 342 1730 enim
366 1669 456 1750 quod
479 1668 537 1732 lex
557 1670 601 1732 sit
624 1668 767 1750 justitia,
788 1677 823 1732 et
847 1669 957 1732 omnis
976 1667 1109 1750 justitia
1132 1689 1218 1751 quae
1237 1667 1369 1750 justitia

253 1770 306 1826 est
330 1762 471 1826 Divina:
503 1763 558 1845 qui
581 1773 697 1826 autern
720 1760 854 1845 speetat
878 1783 914 1826 se
937 1783 1039 1845 supra
1061 1761 1167 1844 leges,
1187 1763 1215 1826 is
1238 1763 1368 1845 regium

254 1857 351 1940 ponit
375 1858 409 1920 in
432 1877 480 1932 se,
500 1867 536 1921 et
559 1857 667 1920 credit
691 1877 727 1920 se
746 1857 801 1920 vel
824 1877 899 1920 esse
922 1855 1046 1938 legem,
1067 1855 1122 1920 vel
1146 1856 1259 1938 legem
1282 1877 1369 1940 quae

249 1950 382 2032 justitia
404 1972 479 2015 esse
502 1972 521 2015 a
545 1972 601 2029 se;
636 1951 714 2016 inde
737 1952 828 2034 quod
852 1951 1012 2014 Divinum
1040 1961 1105 2028 est,
1126 1953 1189 2016 sibi
1217 1961 1368 2034 arrogat,

255 2046 318 2110 sub
336 2066 402 2130 quo
421 2056 538 2110 tamen
557 2047 631 2110 erit.

315 2159 412 2229 323.
440 2143 517 2208 Lex
543 2165 630 2228 quae
655 2143 787 2226 justitia
814 2165 834 2208 a
860 2144 1066 2227 legisperitis
1093 2145 1304 2228 sapientibus
1332 2153 1369 2209 et

253 2239 452 2304 timentibus
476 2239 587 2302 Deum
610 2240 643 2302 in
673 2259 780 2320 regno
810 2239 948 2303 serenda
974 2248 1039 2314 est,
1058 2239 1244 2303 secundum
1268 2258 1369 2322 quarn

253 2333 331 2397 dein
354 2344 390 2398 et
412 2355 475 2398 rex
501 2344 537 2398 et
564 2335 689 2398 subditi
713 2335 848 2398 vivent:
879 2355 942 2398 rex
965 2335 1020 2416 qui
1043 2333 1229 2397 secundum
1253 2333 1369 2416 legem

254 2426 360 2492 latam
383 2431 478 2505 vivit,
499 2439 534 2493 et
557 2431 590 2492 in
614 2449 656 2492 eo
679 2428 853 2512 praecedit
880 2429 1024 2492 subditis
1048 2427 1221 2510 exemplo,
1243 2429 1271 2491 is
1291 2449 1369 2492 vere

252 2542 316 2586 rex
332 2533 396 2587 est.

316 2635 414 2704 324.
443 2620 523 2684 Rex
541 2621 594 2685 cui
612 2621 771 2685 absoluta
789 2595 955 2704 potestas,
976 2621 1032 2704 qui
1050 2620 1158 2684 credit
1177 2621 1268 2703 quod
1290 2619 1369 2684 sub-

253 2714 317 2778 diti
334 2713 405 2796 ejus
423 2715 512 2779 tales
531 2716 618 2779 servi
637 2717 705 2780 sint
724 2725 761 2779 ut
777 2714 830 2797 jus
849 2715 976 2780 habeat
995 2716 1029 2778 in
1047 2733 1164 2778 eorum
1182 2715 1369 2798 possessio·

254 2829 315 2873 nes
332 2819 367 2874 et
385 2809 484 2886 vitas,
505 2819 540 2874 et
559 2811 586 2873 si
606 2810 639 2872 id
658 2798 810 2886 exercet,
828 2829 897 2873 non
915 2830 978 2873 rex
997 2818 1050 2872 est
1066 2809 1127 2872 sed
1146 2819 1321 2891 tyrannus.

316 2923 412 2994 325.
446 2909 534 2992 Regi
553 2913 617 2974 erit
637 2909 832 2974 obedientia
850 2910 1036 2974 secundum
1060 2909 1155 2992 leges
1179 2909 1285 2992 regni,
1306 2929 1369 2974 nec

253 2999 350 3068 satus
372 3015 407 3068 et
431 3001 530 3068 dietis
553 3004 623 3068 ullo
647 3005 749 3068 modo
772 3004 979 3084 laedendus;
1011 3004 1090 3068 inde
1119 3004 1210 3068 enim
1241 3003 1369 3087 pendet

253 3097 417 3164 securitas
436 3098 580 3182 publiea.
