3322 5298
582 654 762 721 Quuruon
781 653 1075 707 sceorstan-u.
1092 656 1121 704 2.
1374 653 1412 720 ις

295 845 358 890 nus
387 824 547 890 Salvator
576 833 694 890 noster
721 822 819 907 Jesus
849 823 1003 889 Christus
1032 824 1066 888 in
1093 821 1211 888 Verbo
1240 823 1412 906 utriusque

297 919 513 984 Testamenti
535 919 657 984 dicitur
674 918 806 1002 “Lapis
813 917 829 944 ”
847 927 883 982 et
900 918 1059 994 “Petra''
1075 926 1172 1001 patet
1190 917 1281 1000 quod
1304 917 1413 1000 Ipsius

295 1033 437 1096 regnum
460 1035 520 1097 per
542 1013 661 1078 ultima
682 1013 727 1078 ibi
749 1011 970 1096 intelligatur.
1016 1010 1076 1096 (5.)
1102 1011 1281 1076 Praeterea
1303 1021 1414 1075 status

294 1107 472 1172 Ecclesiae
488 1109 670 1172 innumeris
688 1108 722 1170 in
738 1105 821 1171 locis
837 1107 871 1170 in
890 1105 1008 1171 Verbo
1027 1106 1228 1171 describitur
1246 1127 1305 1188 per
1325 1111 1413 1169 “au-

294 1202 397 1268 rum''
423 1201 663 1284 “argentum’'
684 1201 793 1265 “aes''
815 1211 851 1265 et
872 1200 1060 1280 “serrum''
1090 1210 1202 1264 status
1224 1200 1295 1281 ejus
1317 1201 1413 1283 spiri-

294 1297 395 1360 tualis
413 1297 525 1380 quoad
545 1297 671 1360 bonum
690 1296 814 1359 amoris
833 1315 892 1378 per
909 1294 1084 1370 “aurum’'
1100 1304 1211 1359 status
1230 1293 1299 1376 ejus
1318 1295 1413 1377 spiri·

295 1391 396 1454 tualis
415 1392 526 1474 quoad
545 1411 661 1454 verum
678 1391 864 1474 sapientiae
883 1409 943 1473 per
960 1389 1199 1472 “argentum’'
1214 1398 1326 1454 status
1345 1388 1415 1471 ejus

295 1485 459 1549 naturalis
485 1487 597 1568 quoad
624 1486 751 1548 bonum
777 1485 954 1548 charitatis
982 1482 1056 1566 [per
1080 1481 1217 1566 “aes’'],
1241 1493 1277 1548 et
1303 1493 1415 1548 status

294 1579 364 1661 ejus
381 1581 542 1644 naturalis
561 1579 673 1664 quoad
691 1599 808 1642 verum
830 1577 908 1642 fidei
930 1597 990 1662 per
1010 1577 1189 1642 “ferrum''
1207 1575 1312 1661 (quod
1331 1597 1414 1642 con-

295 1671 465 1738 firmatum
492 1695 536 1738 ex
563 1672 681 1737 Verbo
706 1673 861 1738 videatur
890 1673 924 1736 in
950 1671 1159 1754 Apocalypsi
1180 1671 1353 1747 Revelato,
1382 1691 1414 1735 n.

294 1783 356 1850 913
368 1789 377 1847 ;
409 1779 444 1832 et
466 1767 572 1850 alibi).
618 1765 835 1850 Quapropter
856 1767 1029 1850 sapientes
1051 1767 1085 1829 in
1108 1767 1222 1849 primis
1245 1767 1337 1830 aevis
1359 1767 1415 1850 qui

296 1872 463 1926 noverunt
483 1860 748 1944 significationes
771 1859 999 1936 metallorum,
1019 1861 1123 1924 etiam
1146 1860 1194 1924 illi
1216 1862 1414 1945 aequipara·
1445 1880 1457 1896 ·

296 1966 375 2020 runt
394 1955 529 2020 saecula
552 1976 571 2018 a
595 1955 702 2039 primo
721 1955 765 2018 ad
788 1954 944 2018 ultimum
963 1975 1160 2018 successura
1182 1964 1327 2039 quatuor
1349 1954 1415 2018 illis

296 2049 454 2126 metallis,
469 2061 504 2114 et
517 2060 725 2114 vocaverunt
742 2051 884 2132 primum
901 2049 1073 2114 saeculum
1088 2049 1283 2125 “aureum''
1295 2069 1414 2114 secun-

296 2146 377 2211 dum
393 2145 565 2210 saeculum
582 2143 842 2226 “argenteum'’
854 2143 993 2208 tertium
1009 2143 1182 2208 saeculum
1197 2145 1416 2227 “cupreum”

296 2251 332 2306 et
355 2249 512 2325 quartum
535 2239 707 2303 saeculum
729 2237 930 2314 “ferreum'’
952 2249 987 2303 et
1010 2239 1057 2302 sic
1082 2239 1335 2332 descripserunt
1358 2239 1416 2304 illa

296 2335 481 2400 secundum
497 2335 587 2397 bona
603 2343 638 2397 et
657 2353 736 2396 vera
751 2354 758 2410 ;
782 2342 818 2396 et
836 2334 913 2416 quia
929 2333 1076 2415 genuina
1092 2333 1181 2396 bona
1197 2343 1232 2396 et
1251 2355 1331 2396 vera
1347 2353 1416 2397 non

297 2429 433 2494 aliunde
463 2437 541 2491 sunt
568 2447 668 2510 quam
700 2447 744 2490 ex
775 2426 851 2490 Deo
877 2424 974 2502 caeli,
1002 2426 1252 2509 descripserunt
1278 2427 1337 2491 illa
1362 2448 1416 2492 se·

297 2523 444 2589 cundum
461 2531 572 2586 status
587 2521 765 2585 Ecclesiae
784 2522 873 2604 apud
891 2520 988 2599 illos;
1012 2541 1090 2584 nam
1110 2541 1155 2584 ex
1174 2520 1225 2584 his
1243 2532 1278 2584 et
1295 2541 1415 2585 secun·
1455 2511 1457 2518 ’

297 2617 378 2682 dum
404 2617 467 2680 hos
493 2635 612 2680 omnes
635 2625 746 2679 status
769 2613 885 2680 civiles
911 2633 1092 2697 regnorum
1115 2615 1227 2698 quoad
1250 2614 1416 2697 justitiam

297 2721 334 2777 et
359 2711 519 2794 judicium
546 2710 710 2784 existunt,
738 2711 856 2791 vigent
884 2718 919 2773 et
945 2710 1073 2772 vivunt.
1119 2708 1220 2790 Quod
1251 2709 1417 2773 Dominus

297 2803 456 2870 Salvator
483 2803 581 2886 Jesus
608 2801 762 2868 Christus
791 2805 825 2866 in
852 2801 970 2868 Verbo
1000 2804 1171 2886 utriusque
1201 2803 1417 2868 Testamenti

297 2899 428 2964 dicatur
448 2897 602 2980 “Lapis'’
620 2907 656 2962 et
674 2903 693 2930 ‘⁴
704 2897 832 2974 Petra‚”
848 2907 987 2962 constat
1005 2917 1051 2961 ex
1070 2916 1158 2960 nunc
1178 2898 1416 2981 sequentibus;

297 2993 388 3078 quod
406 2993 538 3056 dicatur
558 2991 719 3075 “Lapis’'
738 3013 783 3056 ex
802 2991 872 3056 his:

349 3155 418 3206 “Sic
429 3155 496 3205 dixit
507 3153 748 3268 Adonaikehovin
762 3153 829 3204 Ecce
843 3153 901 3217 Ego
913 3154 1072 3204 fundaturus
1081 3169 1140 3204 sum
1153 3153 1181 3203 in
1193 3153 1277 3204 Zione
1287 3153 1416 3218 Lapidem

429 3220 603 3284 probationis,
645 3220 755 3283 ngulum
774 3219 852 3283 pretii
869 3219 1035 3270 fundationis
1047 3219 1191 3276 fundatae:
1216 3219 1261 3284 qul
1275 3220 1417 3270 crediderit

429 3299 484 3335 non
496 3281 659 3334 festinabitlss
693 3285 770 3334 Tunc
787 3299 886 3348 ponam
904 3285 1032 3348 judicium
1050 3285 1077 3334 in
1095 3285 1224 3348 regulam,
1238 3299 1269 3335 ac
1285 3285 1417 3348 justitiam

429 3351 456 3400 ln
470 3365 517 3413 per
552 3349 710 3399 ndiculum”
721 3349 806 3412 (Esai.
818 3351 909 3400 xxviii.
923 3351 961 3408 16,
975 3349 1030 3411 17);

349 3365 637 3501 “Visitaltitnfghovah
651 3411 794 3480 [zebaoth]
812 3430 922 3479 gregem
934 3431 1012 3465 suurn
1023 3429 1030 3476 ;
1040 3451 1047 3466 .
1059 3451 1066 3466 .
1078 3451 1086 3466 .
1098 3451 1105 3466 .
1116 3430 1151 3465 ex
1168 3413 1219 3465 Illo
1237 3415 1318 3480 Lapis
1334 3430 1419 3480 angu-

350 3479 1416 3624 ⁸·Lspfflirerisrfgroi'ai'eiiituenirettttaetusarinuputangunwsatm.

351 3678 369 3703 ¹⁸
377 3626 480 3728 Norfdev
481 3609 588 3791 ¹11¹}de
599 3675 775 3754 in·Scriptura
787 3675 953 3792 quoldYLaIsz
965 3676 1267 3791 qpemrepffilulvderunt
1278 3675 1419 3791 rtiedificrtn:

430 3750 873 3866 tt.„lltfitsttttttll
887 3743 979 3870 loll
997 3754 1109 3803 '⁸¹¹·⁴²
1142 3779 1148 3802 '
1199 3755 1358 3802 ⁰“·'‘¹‘¹⁰’
1372 3755 1418 3802 ¹¹'

349 3872 508 3923 Accessistis
525 3871 560 3921 ad
579 3871 734 3930 Dominum,
751 3871 904 3934 “Lapidem
923 3873 1022 3930 vivum.
1037 3873 1071 3921 ab
1088 3872 1242 3922 hominibus
1254 3873 1361 3936 quidem
1379 3887 1419 3922 re·

430 3935 540 4000 jectum,
550 3951 567 3986 a
580 3936 638 3986 Deo
650 3950 714 3985 vero
726 3934 850 3995 cladium,
866 3934 1024 4002 [pretiosum
1035 3934 1053 4002 t]
1071 3939 1152 3988 etiam
1165 3952 1214 3987 vos
1227 3937 1278 4002 ipsi
1291 3949 1417 4001 tanquam

431 4003 532 4064 lapides
542 4003 663 4051 viventes
671 4001 848 4051 aedificamini
861 4003 887 4051 in
898 4003 1007 4054 domum
1018 4003 1182 4065 spiritualem
1193 4017 1213 4062 ;.
1224 4005 1264 4053 .'..
1277 4013 1419 4066 propterea

431 4067 527 4117 dicitur
543 4067 571 4116 in
589 4067 733 4130 Scriptura.
748 4065 824 4116 Pono
842 4067 868 4116 in
886 4067 971 4118 Zione
989 4067 1116 4132 Lapidem
1133 4067 1288 4130 angularem
1303 4065 1417 4118 electum
1487 4089 1491 4098 ·

432 4133 586 4196 pretiosum.
598 4141 624 4182 et
636 4133 680 4196 qui
692 4132 776 4182 credit
788 4133 815 4182 ln
829 4131 907 4182 lllurn
919 4147 975 4182 non
987 4132 1103 4198 pudefiet
1111 4133 1125 4154 ”
1136 4133 1160 4196 (ι
1174 4134 1245 4183 Petr.
1258 4133 1284 4183 li.
1294 4133 1353 4196 4-6)
1364 4147 1370 4190 ;

353 4197 450 4249 “Estis
462 4197 592 4248 aedificati
604 4212 685 4260 super
696 4197 872 4247 fundamento
882 4199 1073 4262 Apostolorum
1086 4207 1113 4248 et
1126 4197 1329 4261 Prophetarum,
1341 4197 1418 4261 cujus

432 4272 472 4312 est
492 4263 627 4325 angularis
648 4262 728 4326 Lapis
748 4263 827 4328 Jesus
848 4261 978 4324 Christus,
998 4278 1143 4328 perquem
1163 4273 1247 4313 totum
1268 4263 1417 4314 aedificium

431 4337 647 4390 coagmentatum
659 4330 741 4391 probe
753 4328 848 4378 crescit
860 4329 887 4377 in
900 4329 1029 4392 templum
1042 4326 1165 4378 modium
1183 4329 1210 4378 ln
1230 4328 1356 4388 Domino,
1371 4343 1419 4392 per

431 4407 510 4508 {tuem
522 4407 571 4442 vos
588 4407 643 4442 una
658 4392 835 4443 aedificamini
853 4394 880 4443 in
897 4394 1076 4444 habitaculum
1095 4393 1145 4444 Dei
1163 4394 1191 4444 in
1209 4395 1303 4457 spiritu
1311 4393 1326 4413 ’¹
1337 4393 1416 4458 (Epi.

350 4521 429 4592 Jernu
443 4457 650 4574 Lli‘risiiri'‘¹est
667 4522 748 4587 Lapis
765 4525 921 4587 reprobatus
937 4525 973 4574 ab
989 4523 1197 4584 aedificantibus,
1211 4523 1256 4604 qul
1273 4520 1360 4574 latius
1377 4533 1419 4574 est

432 4589 460 4639 ln
472 4597 551 4652 caput
562 4589 662 4652 anguli,
676 4599 703 4640 et
716 4603 770 4638 non
783 4590 864 4640 estin
876 4589 929 4640 allo
941 4585 1023 4640 ulloffl
1036 4589 1108 4640 salua
1116 4589 1130 4610 '¹
1142 4588 1212 4653 (Aa.
1224 4605 1259 4640 rv.
1273 4601 1312 4648 11,
1326 4589 1375 4652 rr).
