<?xml version="1.0" encoding="UTF-8"?>
<!DOCTYPE html PUBLIC "-//W3C//DTD XHTML 1.0 Transitional//EN"
    "http://www.w3.org/TR/xhtml1/DTD/xhtml1-transitional.dtd">
<html xmlns="http://www.w3.org/1999/xhtml" xml:lang="en" lang="en">
 <head>
  <title>
</title>
<meta http-equiv="Content-Type" content="text/html;charset=utf-8" />
  <meta name='ocr-system' content='tesseract 3.04.00' />
  <meta name='ocr-capabilities' content='ocr_page ocr_carea ocr_par ocr_line ocrx_word'/>
</head>
<body>
  <div class='ocr_page' id='page_1' title='image "./denovahierosoly00swedgoog_0429.png"; bbox 0 0 3338 5300; ppageno 0'>
   <div class='ocr_carea' id='block_1_1' title="bbox 280 643 977 710">
    <p class='ocr_par' dir='ltr' id='par_1_1' title="bbox 280 643 977 710">
     <span class='ocr_line' id='line_1_1' title="bbox 280 643 977 710; baseline 0.003 -5"><span class='ocrx_word' id='word_1_1' title='bbox 280 679 284 686; x_wconf 93' lang='lat'>·</span> <span class='ocrx_word' id='word_1_2' title='bbox 331 643 373 706; x_wconf 86' lang='lat'>26</span> <span class='ocrx_word' id='word_1_3' title='bbox 805 655 977 710; x_wconf 86' lang='lat' dir='ltr'>CORONIS.</span> 
     </span>
    </p>
   </div>
   <div class='ocr_carea' id='block_1_2' title="bbox 244 823 1450 4683">
    <p class='ocr_par' dir='ltr' id='par_1_2' title="bbox 244 823 1450 2874">
     <span class='ocr_line' id='line_1_2' title="bbox 332 823 1448 909; baseline 0 -19"><span class='ocrx_word' id='word_1_4' title='bbox 332 826 497 902; x_wconf 92' lang='lat' dir='ltr'>conditur,</span> <span class='ocrx_word' id='word_1_5' title='bbox 521 823 558 890; x_wconf 86' lang='lat' dir='ltr'>lit</span> <span class='ocrx_word' id='word_1_6' title='bbox 582 825 811 909; x_wconf 82' lang='lat' dir='ltr'>triplicatum3</span> <span class='ocrx_word' id='word_1_7' title='bbox 845 826 883 890; x_wconf 87' lang='lat' dir='ltr'>fit</span> <span class='ocrx_word' id='word_1_8' title='bbox 906 846 1108 908; x_wconf 88' lang='lat' dir='ltr'>supremum,</span> <span class='ocrx_word' id='word_1_9' title='bbox 1132 827 1290 902; x_wconf 90' lang='lat' dir='ltr'>medium,</span> <span class='ocrx_word' id='word_1_10' title='bbox 1315 839 1350 892; x_wconf 89' lang='lat' dir='ltr'>et</span> <span class='ocrx_word' id='word_1_11' title='bbox 1378 827 1448 890; x_wconf 90' lang='lat' dir='ltr'>inli-</span> 
     </span>
     <span class='ocr_line' id='line_1_3' title="bbox 332 921 1448 1005; baseline 0 -20"><span class='ocrx_word' id='word_1_12' title='bbox 332 941 433 986; x_wconf 92' lang='lat' dir='ltr'>mum.</span> <span class='ocrx_word' id='word_1_13' title='bbox 479 921 518 985; x_wconf 93' lang='lat' dir='ltr'>ln</span> <span class='ocrx_word' id='word_1_14' title='bbox 537 941 729 1005; x_wconf 92' lang='lat' dir='ltr'>supremum</span> <span class='ocrx_word' id='word_1_15' title='bbox 747 921 923 985; x_wconf 86' lang='lat' dir='ltr'>elevantur</span> <span class='ocrx_word' id='word_1_16' title='bbox 941 921 989 986; x_wconf 94' lang='lat' dir='ltr'>illi</span> <span class='ocrx_word' id='word_1_17' title='bbox 1006 923 1062 1004; x_wconf 92' lang='lat' dir='ltr'>qui</span> <span class='ocrx_word' id='word_1_18' title='bbox 1084 923 1117 985; x_wconf 94' lang='lat' dir='ltr'>in</span> <span class='ocrx_word' id='word_1_19' title='bbox 1140 943 1255 986; x_wconf 92' lang='lat' dir='ltr'>amore</span> <span class='ocrx_word' id='word_1_20' title='bbox 1277 924 1311 986; x_wconf 89' lang='lat' dir='ltr'>in</span> <span class='ocrx_word' id='word_1_21' title='bbox 1331 923 1448 986; x_wconf 92' lang='lat' dir='ltr'>Domi·</span> 
     </span>
     <span class='ocr_line' id='line_1_4' title="bbox 332 1015 1448 1100; baseline 0.001 -21"><span class='ocrx_word' id='word_1_22' title='bbox 332 1036 412 1079; x_wconf 94' lang='lat' dir='ltr'>num</span> <span class='ocrx_word' id='word_1_23' title='bbox 431 1025 466 1080; x_wconf 92' lang='lat' dir='ltr'>et</span> <span class='ocrx_word' id='word_1_24' title='bbox 485 1015 563 1080; x_wconf 93' lang='lat' dir='ltr'>inde</span> <span class='ocrx_word' id='word_1_25' title='bbox 582 1016 746 1099; x_wconf 84' lang='lat' dir='ltr'>sapientia</span> <span class='ocrx_word' id='word_1_26' title='bbox 762 1025 861 1093; x_wconf 90' lang='lat' dir='ltr'>sunt;</span> <span class='ocrx_word' id='word_1_27' title='bbox 884 1017 918 1078; x_wconf 94' lang='lat' dir='ltr'>in</span> <span class='ocrx_word' id='word_1_28' title='bbox 935 1017 1082 1080; x_wconf 92' lang='lat' dir='ltr'>medium</span> <span class='ocrx_word' id='word_1_29' title='bbox 1098 1016 1145 1080; x_wconf 94' lang='lat' dir='ltr'>illi</span> <span class='ocrx_word' id='word_1_30' title='bbox 1161 1019 1215 1100; x_wconf 93' lang='lat' dir='ltr'>qui</span> <span class='ocrx_word' id='word_1_31' title='bbox 1235 1019 1268 1080; x_wconf 91' lang='lat' dir='ltr'>in</span> <span class='ocrx_word' id='word_1_32' title='bbox 1287 1019 1448 1100; x_wconf 84' lang='lat' dir='ltr'>spirituali</span> 
     </span>
     <span class='ocr_line' id='line_1_5' title="bbox 332 1109 1448 1193; baseline 0 -19"><span class='ocrx_word' id='word_1_33' title='bbox 332 1131 446 1174; x_wconf 90' lang='lat' dir='ltr'>amore</span> <span class='ocrx_word' id='word_1_34' title='bbox 458 1131 540 1192; x_wconf 84' lang='lat' dir='ltr'>erga</span> <span class='ocrx_word' id='word_1_35' title='bbox 552 1111 743 1193; x_wconf 92' lang='lat' dir='ltr'>proximum</span> <span class='ocrx_word' id='word_1_36' title='bbox 756 1120 791 1173; x_wconf 92' lang='lat' dir='ltr'>et</span> <span class='ocrx_word' id='word_1_37' title='bbox 804 1111 882 1174; x_wconf 90' lang='lat' dir='ltr'>inde</span> <span class='ocrx_word' id='word_1_38' title='bbox 894 1109 1121 1192; x_wconf 85' lang='lat' dir='ltr'>intelligentia</span> <span class='ocrx_word' id='word_1_39' title='bbox 1133 1121 1210 1174; x_wconf 93' lang='lat' dir='ltr'>sunt</span> <span class='ocrx_word' id='word_1_40' title='bbox 1223 1133 1231 1189; x_wconf 91' lang='grc'><strong>;</strong></span> <span class='ocrx_word' id='word_1_41' title='bbox 1253 1112 1286 1174; x_wconf 94' lang='lat' dir='ltr'>in</span> <span class='ocrx_word' id='word_1_42' title='bbox 1299 1111 1448 1174; x_wconf 84' lang='lat' dir='ltr'>infimum</span> 
     </span>
     <span class='ocr_line' id='line_1_6' title="bbox 332 1204 1450 1290; baseline 0.003 -23"><span class='ocrx_word' id='word_1_43' title='bbox 332 1205 379 1268; x_wconf 93' lang='lat' dir='ltr'>illi</span> <span class='ocrx_word' id='word_1_44' title='bbox 395 1206 449 1288; x_wconf 94' lang='lat' dir='ltr'>qui</span> <span class='ocrx_word' id='word_1_45' title='bbox 468 1206 501 1267; x_wconf 90' lang='lat' dir='ltr'>in</span> <span class='ocrx_word' id='word_1_46' title='bbox 518 1204 679 1286; x_wconf 89' lang='lat' dir='ltr'>spirituali</span> <span class='ocrx_word' id='word_1_47' title='bbox 695 1205 840 1268; x_wconf 90' lang='lat' dir='ltr'>naturali</span> <span class='ocrx_word' id='word_1_48' title='bbox 855 1225 969 1270; x_wconf 87' lang='lat' dir='ltr'>amore</span> <span class='ocrx_word' id='word_1_49' title='bbox 985 1225 1068 1287; x_wconf 86' lang='lat' dir='ltr'>erga</span> <span class='ocrx_word' id='word_1_50' title='bbox 1083 1207 1274 1288; x_wconf 91' lang='lat' dir='ltr'>proximum</span> <span class='ocrx_word' id='word_1_51' title='bbox 1290 1216 1380 1284; x_wconf 92' lang='lat' dir='ltr'>sunt,</span> <span class='ocrx_word' id='word_1_52' title='bbox 1395 1208 1450 1290; x_wconf 89' lang='lat' dir='ltr'>qui</span> 
     </span>
     <span class='ocr_line' id='line_1_7' title="bbox 332 1297 1450 1376; baseline -0.001 -12"><span class='ocrx_word' id='word_1_53' title='bbox 332 1311 473 1364; x_wconf 89' lang='lat' dir='ltr'>vocatur</span> <span class='ocrx_word' id='word_1_54' title='bbox 485 1299 640 1374; x_wconf 90' lang='lat' dir='ltr'>charitas,</span> <span class='ocrx_word' id='word_1_55' title='bbox 654 1309 689 1362; x_wconf 94' lang='lat' dir='ltr'>et</span> <span class='ocrx_word' id='word_1_56' title='bbox 705 1299 783 1362; x_wconf 91' lang='lat' dir='ltr'>inde</span> <span class='ocrx_word' id='word_1_57' title='bbox 799 1301 832 1363; x_wconf 95' lang='lat' dir='ltr'>in</span> <span class='ocrx_word' id='word_1_58' title='bbox 848 1297 914 1364; x_wconf 87' lang='lat' dir='ltr'>fide</span> <span class='ocrx_word' id='word_1_59' title='bbox 927 1300 1108 1364; x_wconf 89' lang='lat' dir='ltr'>veritatum</span> <span class='ocrx_word' id='word_1_60' title='bbox 1125 1300 1168 1364; x_wconf 96' lang='lat' dir='ltr'>de</span> <span class='ocrx_word' id='word_1_61' title='bbox 1184 1300 1269 1376; x_wconf 91' lang='lat' dir='ltr'>Deo,</span> <span class='ocrx_word' id='word_1_62' title='bbox 1283 1313 1318 1364; x_wconf 93' lang='lat' dir='ltr'>et</span> <span class='ocrx_word' id='word_1_63' title='bbox 1334 1303 1368 1364; x_wconf 92' lang='lat' dir='ltr'>in</span> <span class='ocrx_word' id='word_1_64' title='bbox 1380 1303 1450 1364; x_wconf 88' lang='lat' dir='ltr'>vita</span> 
     </span>
     <span class='ocr_line' id='line_1_8' title="bbox 332 1393 1450 1476; baseline -0.001 -18"><span class='ocrx_word' id='word_1_65' title='bbox 332 1395 515 1460; x_wconf 91' lang='lat' dir='ltr'>secundum</span> <span class='ocrx_word' id='word_1_66' title='bbox 540 1403 721 1475; x_wconf 91' lang='lat' dir='ltr'>praecepta</span> <span class='ocrx_word' id='word_1_67' title='bbox 744 1393 918 1476; x_wconf 83' lang='lat' dir='ltr'>Decalogi.</span> <span class='ocrx_word' id='word_1_68' title='bbox 963 1394 1049 1458; x_wconf 88' lang='lat' dir='ltr'>Tres</span> <span class='ocrx_word' id='word_1_69' title='bbox 1071 1395 1105 1458; x_wconf 96' lang='lat' dir='ltr'>hi</span> <span class='ocrx_word' id='word_1_70' title='bbox 1127 1393 1213 1458; x_wconf 88' lang='lat' dir='ltr'>caeli</span> <span class='ocrx_word' id='word_1_71' title='bbox 1237 1395 1363 1458; x_wconf 84' lang='lat' dir='ltr'>iaciunt</span> <span class='ocrx_word' id='word_1_72' title='bbox 1385 1396 1450 1458; x_wconf 92' lang='lat' dir='ltr'>tria</span> 
     </span>
     <span class='ocr_line' id='line_1_9' title="bbox 333 1487 1450 1572; baseline 0 -20"><span class='ocrx_word' id='word_1_73' title='bbox 333 1509 495 1571; x_wconf 86' lang='lat' dir='ltr'>expansa,</span> <span class='ocrx_word' id='word_1_74' title='bbox 513 1507 614 1550; x_wconf 92' lang='lat' dir='ltr'>unum</span> <span class='ocrx_word' id='word_1_75' title='bbox 631 1507 731 1570; x_wconf 90' lang='lat' dir='ltr'>supra</span> <span class='ocrx_word' id='word_1_76' title='bbox 745 1487 900 1563; x_wconf 89' lang='lat' dir='ltr'>alterum,</span> <span class='ocrx_word' id='word_1_77' title='bbox 917 1497 952 1552; x_wconf 93' lang='lat' dir='ltr'>et</span> <span class='ocrx_word' id='word_1_78' title='bbox 968 1490 1220 1553; x_wconf 89' lang='lat' dir='ltr'>communicant</span> <span class='ocrx_word' id='word_1_79' title='bbox 1236 1490 1324 1552; x_wconf 91' lang='lat' dir='ltr'>inter</span> <span class='ocrx_word' id='word_1_80' title='bbox 1339 1510 1376 1553; x_wconf 93' lang='lat' dir='ltr'>se</span> <span class='ocrx_word' id='word_1_81' title='bbox 1391 1509 1450 1572; x_wconf 90' lang='lat' dir='ltr'>per</span> 
     </span>
     <span class='ocr_line' id='line_1_10' title="bbox 335 1582 1449 1666; baseline 0 -20"><span class='ocrx_word' id='word_1_82' title='bbox 335 1583 493 1647; x_wconf 89' lang='lat' dir='ltr'>Divinum</span> <span class='ocrx_word' id='word_1_83' title='bbox 511 1582 675 1645; x_wconf 91' lang='lat' dir='ltr'>influxum</span> <span class='ocrx_word' id='word_1_84' title='bbox 693 1602 714 1645; x_wconf 88' lang='lat' dir='ltr'>a</span> <span class='ocrx_word' id='word_1_85' title='bbox 732 1582 881 1647; x_wconf 92' lang='lat' dir='ltr'>Domino</span> <span class='ocrx_word' id='word_1_86' title='bbox 903 1603 922 1646; x_wconf 90' lang='lat' dir='ltr'>e</span> <span class='ocrx_word' id='word_1_87' title='bbox 945 1582 1024 1647; x_wconf 91' lang='lat' dir='ltr'>Sole</span> <span class='ocrx_word' id='word_1_88' title='bbox 1043 1584 1158 1646; x_wconf 90' lang='lat' dir='ltr'>mundi</span> <span class='ocrx_word' id='word_1_89' title='bbox 1176 1583 1366 1666; x_wconf 90' lang='lat' dir='ltr'>spiritualis.</span> <span class='ocrx_word' id='word_1_90' title='bbox 1411 1583 1449 1647; x_wconf 94' lang='lat' dir='ltr'>In</span> 
     </span>
     <span class='ocr_line' id='line_1_11' title="bbox 331 1677 1448 1760; baseline 0.002 -20"><span class='ocrx_word' id='word_1_91' title='bbox 331 1678 435 1741; x_wconf 76' lang='lat' dir='ltr'>fundo</span> <span class='ocrx_word' id='word_1_92' title='bbox 451 1679 512 1740; x_wconf 90' lang='lat' dir='ltr'>sub</span> <span class='ocrx_word' id='word_1_93' title='bbox 528 1677 592 1740; x_wconf 93' lang='lat' dir='ltr'>illis</span> <span class='ocrx_word' id='word_1_94' title='bbox 608 1687 686 1740; x_wconf 90' lang='lat' dir='ltr'>sunt</span> <span class='ocrx_word' id='word_1_95' title='bbox 701 1678 804 1740; x_wconf 92' lang='lat' dir='ltr'>etiam</span> <span class='ocrx_word' id='word_1_96' title='bbox 821 1677 885 1740; x_wconf 90' lang='lat' dir='ltr'>tria</span> <span class='ocrx_word' id='word_1_97' title='bbox 900 1697 1063 1759; x_wconf 88' lang='lat' dir='ltr'>expansa,</span> <span class='ocrx_word' id='word_1_98' title='bbox 1076 1679 1110 1740; x_wconf 93' lang='lat' dir='ltr'>in</span> <span class='ocrx_word' id='word_1_99' title='bbox 1125 1697 1212 1760; x_wconf 91' lang='lat' dir='ltr'>quae</span> <span class='ocrx_word' id='word_1_100' title='bbox 1227 1678 1355 1742; x_wconf 86' lang='lat' dir='ltr'>inlema</span> <span class='ocrx_word' id='word_1_101' title='bbox 1370 1689 1448 1742; x_wconf 92' lang='lat' dir='ltr'>sunt</span> 
     </span>
     <span class='ocr_line' id='line_1_12' title="bbox 333 1769 1448 1854; baseline 0 -20"><span class='ocrx_word' id='word_1_102' title='bbox 333 1769 503 1845; x_wconf 74' lang='lat' dir='ltr'>distincta,</span> <span class='ocrx_word' id='word_1_103' title='bbox 522 1773 611 1835; x_wconf 89' lang='lat' dir='ltr'>inter</span> <span class='ocrx_word' id='word_1_104' title='bbox 629 1791 715 1854; x_wconf 89' lang='lat' dir='ltr'>quae</span> <span class='ocrx_word' id='word_1_105' title='bbox 737 1771 890 1836; x_wconf 91' lang='lat' dir='ltr'>similiter</span> <span class='ocrx_word' id='word_1_106' title='bbox 912 1772 1011 1835; x_wconf 90' lang='lat' dir='ltr'>datur</span> <span class='ocrx_word' id='word_1_107' title='bbox 1033 1773 1295 1836; x_wconf 88' lang='lat' dir='ltr'>communicatio</span> <span class='ocrx_word' id='word_1_108' title='bbox 1317 1793 1377 1854; x_wconf 90' lang='lat' dir='ltr'>per</span> <span class='ocrx_word' id='word_1_109' title='bbox 1399 1773 1448 1836; x_wconf 93' lang='lat' dir='ltr'>in-</span> 
     </span>
     <span class='ocr_line' id='line_1_13' title="bbox 332 1865 1448 1948; baseline 0.001 -19"><span class='ocrx_word' id='word_1_110' title='bbox 332 1867 459 1930; x_wconf 85' lang='lat' dir='ltr'>fluxum</span> <span class='ocrx_word' id='word_1_111' title='bbox 479 1886 537 1948; x_wconf 89' lang='lat' dir='ltr'>per</span> <span class='ocrx_word' id='word_1_112' title='bbox 549 1865 662 1929; x_wconf 89' lang='lat' dir='ltr'>caelos</span> <span class='ocrx_word' id='word_1_113' title='bbox 677 1885 698 1928; x_wconf 91' lang='lat' dir='ltr'>a</span> <span class='ocrx_word' id='word_1_114' title='bbox 713 1865 870 1930; x_wconf 92' lang='lat' dir='ltr'>Domino.</span> <span class='ocrx_word' id='word_1_115' title='bbox 915 1866 977 1929; x_wconf 90' lang='lat' dir='ltr'>Per</span> <span class='ocrx_word' id='word_1_116' title='bbox 992 1867 1054 1930; x_wconf 89' lang='lat' dir='ltr'>has</span> <span class='ocrx_word' id='word_1_117' title='bbox 1069 1867 1394 1930; x_wconf 80' lang='lat' dir='ltr'>communicationes</span> <span class='ocrx_word' id='word_1_118' title='bbox 1412 1866 1448 1931; x_wconf 88' lang='lat' dir='ltr'>lit</span> 
     </span>
     <span class='ocr_line' id='line_1_14' title="bbox 333 1958 1448 2042; baseline 0 -18"><span class='ocrx_word' id='word_1_119' title='bbox 333 1959 524 2042; x_wconf 70' lang='lat' dir='ltr'>conjunctio</span> <span class='ocrx_word' id='word_1_120' title='bbox 534 1958 627 2024; x_wconf 72' lang='lat' dir='ltr'>ardla</span> <span class='ocrx_word' id='word_1_121' title='bbox 639 1969 675 2024; x_wconf 93' lang='lat' dir='ltr'>et</span> <span class='ocrx_word' id='word_1_122' title='bbox 686 1959 925 2024; x_wconf 90' lang='lat' dir='ltr'>indissolubilis</span> <span class='ocrx_word' id='word_1_123' title='bbox 935 1962 1083 2024; x_wconf 93' lang='lat' dir='ltr'>omnium</span> <span class='ocrx_word' id='word_1_124' title='bbox 1096 1962 1129 2024; x_wconf 95' lang='lat' dir='ltr'>in</span> <span class='ocrx_word' id='word_1_125' title='bbox 1142 1959 1244 2024; x_wconf 90' lang='lat' dir='ltr'>caelis</span> <span class='ocrx_word' id='word_1_126' title='bbox 1255 1971 1290 2024; x_wconf 91' lang='lat' dir='ltr'>et</span> <span class='ocrx_word' id='word_1_127' title='bbox 1300 1963 1448 2025; x_wconf 92' lang='lat' dir='ltr'>omnium</span> 
     </span>
     <span class='ocr_line' id='line_1_15' title="bbox 332 2052 1448 2138; baseline 0.001 -20"><span class='ocrx_word' id='word_1_128' title='bbox 332 2057 365 2118; x_wconf 96' lang='lat' dir='ltr'>in</span> <span class='ocrx_word' id='word_1_129' title='bbox 384 2054 542 2131; x_wconf 77' lang='lat' dir='ltr'>infernis3</span> <span class='ocrx_word' id='word_1_130' title='bbox 566 2055 627 2118; x_wconf 91' lang='lat' dir='ltr'>sed</span> <span class='ocrx_word' id='word_1_131' title='bbox 647 2056 681 2118; x_wconf 93' lang='lat' dir='ltr'>in</span> <span class='ocrx_word' id='word_1_132' title='bbox 703 2055 755 2118; x_wconf 86' lang='lat' dir='ltr'>his</span> <span class='ocrx_word' id='word_1_133' title='bbox 777 2065 831 2118; x_wconf 92' lang='lat' dir='ltr'>est</span> <span class='ocrx_word' id='word_1_134' title='bbox 850 2052 1041 2135; x_wconf 71' lang='lat' dir='ltr'>conjunciio</span> <span class='ocrx_word' id='word_1_135' title='bbox 1059 2055 1208 2118; x_wconf 91' lang='lat' dir='ltr'>omnium</span> <span class='ocrx_word' id='word_1_136' title='bbox 1227 2055 1448 2138; x_wconf 87' lang='lat' dir='ltr'>cupiditatum</span> 
     </span>
     <span class='ocr_line' id='line_1_16' title="bbox 332 2145 1447 2230; baseline 0.001 -17"><span class='ocrx_word' id='word_1_137' title='bbox 332 2151 455 2214; x_wconf 90' lang='lat' dir='ltr'>amoris</span> <span class='ocrx_word' id='word_1_138' title='bbox 470 2150 560 2224; x_wconf 93' lang='lat' dir='ltr'>mali,</span> <span class='ocrx_word' id='word_1_139' title='bbox 574 2149 606 2212; x_wconf 94' lang='lat' dir='ltr'>in</span> <span class='ocrx_word' id='word_1_140' title='bbox 623 2148 726 2214; x_wconf 89' lang='lat' dir='ltr'>caelis</span> <span class='ocrx_word' id='word_1_141' title='bbox 741 2157 856 2214; x_wconf 87' lang='lat' dir='ltr'>autem</span> <span class='ocrx_word' id='word_1_142' title='bbox 868 2159 921 2213; x_wconf 88' lang='lat' dir='ltr'>est</span> <span class='ocrx_word' id='word_1_143' title='bbox 933 2145 1125 2230; x_wconf 75' lang='lat' dir='ltr'>conjundtio</span> <span class='ocrx_word' id='word_1_144' title='bbox 1137 2149 1286 2212; x_wconf 92' lang='lat' dir='ltr'>omnium</span> <span class='ocrx_word' id='word_1_145' title='bbox 1298 2149 1447 2215; x_wconf 80' lang='lat' dir='ltr'>affectio·</span> 
     </span>
     <span class='ocr_line' id='line_1_17' title="bbox 244 2239 1448 2324; baseline 0.002 -18"><span class='ocrx_word' id='word_1_146' title='bbox 244 2253 248 2276; x_wconf 87' lang='lat'><strong>¹</strong></span> <span class='ocrx_word' id='word_1_147' title='bbox 332 2263 412 2306; x_wconf 93' lang='lat' dir='ltr'>num</span> <span class='ocrx_word' id='word_1_148' title='bbox 423 2245 545 2306; x_wconf 91' lang='lat' dir='ltr'>amoris</span> <span class='ocrx_word' id='word_1_149' title='bbox 557 2243 636 2306; x_wconf 92' lang='lat' dir='ltr'>boni</span> <span class='ocrx_word' id='word_1_150' title='bbox 649 2264 657 2321; x_wconf 90' lang='lat'>;</span> <span class='ocrx_word' id='word_1_151' title='bbox 681 2243 811 2306; x_wconf 91' lang='lat' dir='ltr'>caelum</span> <span class='ocrx_word' id='word_1_152' title='bbox 824 2264 869 2307; x_wconf 90' lang='lat' dir='ltr'>ex</span> <span class='ocrx_word' id='word_1_153' title='bbox 885 2242 942 2306; x_wconf 90' lang='lat' dir='ltr'>illa</span> <span class='ocrx_word' id='word_1_154' title='bbox 954 2239 1189 2324; x_wconf 72' lang='lat' dir='ltr'>conjundtione</span> <span class='ocrx_word' id='word_1_155' title='bbox 1201 2253 1254 2307; x_wconf 90' lang='lat' dir='ltr'>est</span> <span class='ocrx_word' id='word_1_156' title='bbox 1266 2244 1353 2308; x_wconf 89' lang='lat' dir='ltr'>sicut</span> <span class='ocrx_word' id='word_1_157' title='bbox 1366 2264 1448 2308; x_wconf 91' lang='lat' dir='ltr'>unus</span> 
     </span>
     <span class='ocr_line' id='line_1_18' title="bbox 333 2334 1447 2420; baseline -0.001 -19"><span class='ocrx_word' id='word_1_158' title='bbox 333 2337 498 2402; x_wconf 92' lang='lat' dir='ltr'>Dominus</span> <span class='ocrx_word' id='word_1_159' title='bbox 520 2337 643 2401; x_wconf 90' lang='lat' dir='ltr'>sedens</span> <span class='ocrx_word' id='word_1_160' title='bbox 666 2357 765 2420; x_wconf 88' lang='lat' dir='ltr'>super</span> <span class='ocrx_word' id='word_1_161' title='bbox 791 2337 916 2400; x_wconf 86' lang='lat' dir='ltr'>throno</span> <span class='ocrx_word' id='word_1_162' title='bbox 943 2334 1180 2400; x_wconf 72' lang='lat' dir='ltr'>circumcindlo</span> <span class='ocrx_word' id='word_1_163' title='bbox 1203 2338 1379 2420; x_wconf 84' lang='lat' dir='ltr'>torquibus</span> <span class='ocrx_word' id='word_1_164' title='bbox 1404 2359 1447 2402; x_wconf 88' lang='lat' dir='ltr'>ex</span> 
     </span>
     <span class='ocr_line' id='line_1_19' title="bbox 332 2432 1447 2514; baseline 0.001 -19"><span class='ocrx_word' id='word_1_165' title='bbox 332 2435 424 2496; x_wconf 93' lang='lat' dir='ltr'>omni</span> <span class='ocrx_word' id='word_1_166' title='bbox 447 2433 557 2514; x_wconf 91' lang='lat' dir='ltr'>lapide</span> <span class='ocrx_word' id='word_1_167' title='bbox 580 2434 740 2514; x_wconf 89' lang='lat' dir='ltr'>pretioso,</span> <span class='ocrx_word' id='word_1_168' title='bbox 761 2432 925 2496; x_wconf 80' lang='lat' dir='ltr'>infernum</span> <span class='ocrx_word' id='word_1_169' title='bbox 943 2443 1057 2496; x_wconf 91' lang='lat' dir='ltr'>autem</span> <span class='ocrx_word' id='word_1_170' title='bbox 1080 2441 1133 2496; x_wconf 89' lang='lat' dir='ltr'>est</span> <span class='ocrx_word' id='word_1_171' title='bbox 1156 2432 1242 2496; x_wconf 85' lang='lat' dir='ltr'>sicut</span> <span class='ocrx_word' id='word_1_172' title='bbox 1260 2453 1345 2495; x_wconf 93' lang='lat' dir='ltr'>unus</span> <span class='ocrx_word' id='word_1_173' title='bbox 1368 2433 1447 2496; x_wconf 92' lang='lat' dir='ltr'>Dia·</span> 
     </span>
     <span class='ocr_line' id='line_1_20' title="bbox 331 2525 1447 2609; baseline 0 -18"><span class='ocrx_word' id='word_1_174' title='bbox 331 2527 428 2591; x_wconf 92' lang='lat' dir='ltr'>bolus</span> <span class='ocrx_word' id='word_1_175' title='bbox 441 2528 564 2590; x_wconf 89' lang='lat' dir='ltr'>sedens</span> <span class='ocrx_word' id='word_1_176' title='bbox 576 2547 674 2609; x_wconf 91' lang='lat' dir='ltr'>super</span> <span class='ocrx_word' id='word_1_177' title='bbox 686 2526 772 2590; x_wconf 92' lang='lat' dir='ltr'>solio</span> <span class='ocrx_word' id='word_1_178' title='bbox 784 2547 829 2590; x_wconf 87' lang='lat' dir='ltr'>ex</span> <span class='ocrx_word' id='word_1_179' title='bbox 842 2525 1003 2600; x_wconf 85' lang='lat' dir='ltr'>echidnis,</span> <span class='ocrx_word' id='word_1_180' title='bbox 1016 2527 1220 2608; x_wconf 89' lang='lat' dir='ltr'>presteribus</span> <span class='ocrx_word' id='word_1_181' title='bbox 1232 2537 1267 2590; x_wconf 92' lang='lat' dir='ltr'>et</span> <span class='ocrx_word' id='word_1_182' title='bbox 1280 2528 1447 2591; x_wconf 87' lang='lat' dir='ltr'>vermibus</span> 
     </span>
     <span class='ocr_line' id='line_1_21' title="bbox 331 2619 1448 2704; baseline 0.003 -21"><span class='ocrx_word' id='word_1_183' title='bbox 331 2620 505 2684; x_wconf 86' lang='lat' dir='ltr'>virulentis</span> <span class='ocrx_word' id='word_1_184' title='bbox 527 2630 698 2685; x_wconf 90' lang='lat' dir='ltr'>contorto.</span> <span class='ocrx_word' id='word_1_185' title='bbox 744 2620 801 2683; x_wconf 89' lang='lat' dir='ltr'>Ex</span> <span class='ocrx_word' id='word_1_186' title='bbox 828 2621 891 2684; x_wconf 90' lang='lat' dir='ltr'>hac</span> <span class='ocrx_word' id='word_1_187' title='bbox 919 2621 1133 2684; x_wconf 91' lang='lat' dir='ltr'>ordinatione</span> <span class='ocrx_word' id='word_1_188' title='bbox 1155 2621 1286 2704; x_wconf 90' lang='lat' dir='ltr'>utrique</span> <span class='ocrx_word' id='word_1_189' title='bbox 1312 2619 1448 2686; x_wconf 73' lang='lat' dir='ltr'>inducta</span> 
     </span>
     <span class='ocr_line' id='line_1_22' title="bbox 332 2713 1446 2798; baseline 0.001 -19"><span class='ocrx_word' id='word_1_190' title='bbox 332 2713 573 2798; x_wconf 70' lang='lat' dir='ltr'>consequiturffl</span> <span class='ocrx_word' id='word_1_191' title='bbox 596 2714 687 2798; x_wconf 93' lang='lat' dir='ltr'>quod</span> <span class='ocrx_word' id='word_1_192' title='bbox 710 2724 889 2798; x_wconf 90' lang='lat' dir='ltr'>utrumque</span> <span class='ocrx_word' id='word_1_193' title='bbox 911 2723 982 2780; x_wconf 90' lang='lat' dir='ltr'>stet</span> <span class='ocrx_word' id='word_1_194' title='bbox 1004 2715 1066 2778; x_wconf 92' lang='lat' dir='ltr'>sub</span> <span class='ocrx_word' id='word_1_195' title='bbox 1092 2715 1242 2798; x_wconf 91' lang='lat' dir='ltr'>auspicio</span> <span class='ocrx_word' id='word_1_196' title='bbox 1267 2725 1304 2779; x_wconf 89' lang='lat' dir='ltr'>et</span> <span class='ocrx_word' id='word_1_197' title='bbox 1330 2716 1446 2780; x_wconf 91' lang='lat' dir='ltr'>obedi·</span> 
     </span>
     <span class='ocr_line' id='line_1_23' title="bbox 331 2810 836 2874; baseline -0.002 -1"><span class='ocrx_word' id='word_1_198' title='bbox 331 2811 423 2874; x_wconf 90' lang='lat' dir='ltr'>entia</span> <span class='ocrx_word' id='word_1_199' title='bbox 443 2810 579 2873; x_wconf 92' lang='lat' dir='ltr'>Domini</span> <span class='ocrx_word' id='word_1_200' title='bbox 598 2810 631 2872; x_wconf 93' lang='lat' dir='ltr'>in</span> <span class='ocrx_word' id='word_1_201' title='bbox 649 2818 836 2872; x_wconf 89' lang='lat' dir='ltr'>aeternum.</span> 
     </span>
    </p>

    <p class='ocr_par' dir='ltr' id='par_1_3' title="bbox 329 2900 1447 4683">
     <span class='ocr_line' id='line_1_24' title="bbox 394 2900 1446 2986; baseline 0.002 -19"><span class='ocrx_word' id='word_1_202' title='bbox 394 2917 457 2986; x_wconf 79' lang='lat'>17.</span> <span class='ocrx_word' id='word_1_203' title='bbox 488 2903 617 2968; x_wconf 91' lang='lat' dir='ltr'>Notum</span> <span class='ocrx_word' id='word_1_204' title='bbox 647 2913 700 2968; x_wconf 91' lang='lat' dir='ltr'>est</span> <span class='ocrx_word' id='word_1_205' title='bbox 730 2904 832 2985; x_wconf 93' lang='lat' dir='ltr'>quod,</span> <span class='ocrx_word' id='word_1_206' title='bbox 861 2913 898 2967; x_wconf 94' lang='lat' dir='ltr'>ut</span> <span class='ocrx_word' id='word_1_207' title='bbox 928 2903 1053 2986; x_wconf 91' lang='lat' dir='ltr'>aliquid</span> <span class='ocrx_word' id='word_1_208' title='bbox 1083 2900 1268 2986; x_wconf 74' lang='lat' dir='ltr'>persedlum</span> <span class='ocrx_word' id='word_1_209' title='bbox 1298 2905 1354 2980; x_wconf 90' lang='lat' dir='ltr'>sit,</span> <span class='ocrx_word' id='word_1_210' title='bbox 1385 2907 1446 2969; x_wconf 92' lang='lat' dir='ltr'>erit</span> 
     </span>
     <span class='ocr_line' id='line_1_25' title="bbox 330 2997 1447 3080; baseline 0.004 -19"><span class='ocrx_word' id='word_1_211' title='bbox 330 2998 456 3062; x_wconf 82' lang='lat' dir='ltr'>trinum</span> <span class='ocrx_word' id='word_1_212' title='bbox 478 2999 511 3061; x_wconf 94' lang='lat' dir='ltr'>in</span> <span class='ocrx_word' id='word_1_213' title='bbox 530 2997 623 3080; x_wconf 86' lang='lat' dir='ltr'>justo</span> <span class='ocrx_word' id='word_1_214' title='bbox 645 2999 772 3072; x_wconf 88' lang='lat' dir='ltr'>ordine,</span> <span class='ocrx_word' id='word_1_215' title='bbox 792 3017 895 3061; x_wconf 89' lang='lat' dir='ltr'>unum</span> <span class='ocrx_word' id='word_1_216' title='bbox 918 2999 980 3062; x_wconf 94' lang='lat' dir='ltr'>sub</span> <span class='ocrx_word' id='word_1_217' title='bbox 995 2997 1115 3076; x_wconf 89' lang='lat' dir='ltr'>altero,</span> <span class='ocrx_word' id='word_1_218' title='bbox 1132 3007 1167 3062; x_wconf 90' lang='lat' dir='ltr'>et</span> <span class='ocrx_word' id='word_1_219' title='bbox 1186 2999 1447 3065; x_wconf 86' lang='lat' dir='ltr'>communicatio</span> 
     </span>
     <span class='ocr_line' id='line_1_26' title="bbox 330 3090 1447 3174; baseline 0.001 -18"><span class='ocrx_word' id='word_1_220' title='bbox 330 3093 555 3167; x_wconf 88' lang='lat' dir='ltr'>intercedens,</span> <span class='ocrx_word' id='word_1_221' title='bbox 575 3102 610 3154; x_wconf 92' lang='lat' dir='ltr'>et</span> <span class='ocrx_word' id='word_1_222' title='bbox 633 3091 723 3174; x_wconf 92' lang='lat' dir='ltr'>quod</span> <span class='ocrx_word' id='word_1_223' title='bbox 746 3090 810 3155; x_wconf 91' lang='lat' dir='ltr'>hoc</span> <span class='ocrx_word' id='word_1_224' title='bbox 834 3093 958 3156; x_wconf 92' lang='lat' dir='ltr'>trinum</span> <span class='ocrx_word' id='word_1_225' title='bbox 981 3093 1081 3158; x_wconf 83' lang='lat' dir='ltr'>iaciat</span> <span class='ocrx_word' id='word_1_226' title='bbox 1104 3112 1225 3170; x_wconf 92' lang='lat' dir='ltr'>unum;</span> <span class='ocrx_word' id='word_1_227' title='bbox 1258 3113 1327 3156; x_wconf 94' lang='lat' dir='ltr'>non</span> <span class='ocrx_word' id='word_1_228' title='bbox 1351 3093 1447 3160; x_wconf 89' lang='lat' dir='ltr'>aliter</span> 
     </span>
     <span class='ocr_line' id='line_1_27' title="bbox 330 3186 1445 3268; baseline 0.002 -18"><span class='ocrx_word' id='word_1_229' title='bbox 330 3209 350 3250; x_wconf 91' lang='lat' dir='ltr'>a</span> <span class='ocrx_word' id='word_1_230' title='bbox 377 3186 543 3260; x_wconf 89' lang='lat' dir='ltr'>columna,</span> <span class='ocrx_word' id='word_1_231' title='bbox 567 3205 666 3268; x_wconf 90' lang='lat' dir='ltr'>super</span> <span class='ocrx_word' id='word_1_232' title='bbox 691 3205 757 3268; x_wconf 90' lang='lat' dir='ltr'>qua</span> <span class='ocrx_word' id='word_1_233' title='bbox 783 3195 836 3250; x_wconf 86' lang='lat' dir='ltr'>est</span> <span class='ocrx_word' id='word_1_234' title='bbox 863 3197 1153 3262; x_wconf 86' lang='lat' dir='ltr'>coronamentum,</span> <span class='ocrx_word' id='word_1_235' title='bbox 1177 3187 1239 3250; x_wconf 93' lang='lat' dir='ltr'>sub</span> <span class='ocrx_word' id='word_1_236' title='bbox 1265 3187 1330 3252; x_wconf 92' lang='lat' dir='ltr'>hoc</span> <span class='ocrx_word' id='word_1_237' title='bbox 1358 3199 1445 3253; x_wconf 89' lang='lat' dir='ltr'>teres</span> 
     </span>
     <span class='ocr_line' id='line_1_28' title="bbox 330 3279 1445 3362; baseline 0.003 -17"><span class='ocrx_word' id='word_1_238' title='bbox 330 3283 515 3355; x_wconf 90' lang='lat' dir='ltr'>subtensio,</span> <span class='ocrx_word' id='word_1_239' title='bbox 538 3290 574 3344; x_wconf 92' lang='lat' dir='ltr'>et</span> <span class='ocrx_word' id='word_1_240' title='bbox 596 3279 742 3344; x_wconf 91' lang='lat' dir='ltr'>subhac</span> <span class='ocrx_word' id='word_1_241' title='bbox 766 3281 949 3362; x_wconf 85' lang='lat' dir='ltr'>stylobata.</span> <span class='ocrx_word' id='word_1_242' title='bbox 994 3279 1079 3344; x_wconf 91' lang='lat' dir='ltr'>Tale</span> <span class='ocrx_word' id='word_1_243' title='bbox 1101 3283 1224 3345; x_wconf 93' lang='lat' dir='ltr'>trinum</span> <span class='ocrx_word' id='word_1_244' title='bbox 1247 3293 1300 3346; x_wconf 90' lang='lat' dir='ltr'>est</span> <span class='ocrx_word' id='word_1_245' title='bbox 1325 3281 1445 3358; x_wconf 75' lang='lat' dir='ltr'>homo:</span> 
     </span>
     <span class='ocr_line' id='line_1_29' title="bbox 331 3372 1444 3462; baseline 0.002 -23"><span class='ocrx_word' id='word_1_246' title='bbox 331 3393 523 3458; x_wconf 89' lang='lat' dir='ltr'>supremum</span> <span class='ocrx_word' id='word_1_247' title='bbox 546 3372 615 3455; x_wconf 89' lang='lat' dir='ltr'>ejus</span> <span class='ocrx_word' id='word_1_248' title='bbox 638 3385 691 3438; x_wconf 92' lang='lat' dir='ltr'>est</span> <span class='ocrx_word' id='word_1_249' title='bbox 713 3385 826 3456; x_wconf 86' lang='lat' dir='ltr'>caput,</span> <span class='ocrx_word' id='word_1_250' title='bbox 846 3375 992 3438; x_wconf 91' lang='lat' dir='ltr'>medium</span> <span class='ocrx_word' id='word_1_251' title='bbox 1015 3373 1085 3456; x_wconf 89' lang='lat' dir='ltr'>ejus</span> <span class='ocrx_word' id='word_1_252' title='bbox 1107 3385 1158 3438; x_wconf 92' lang='lat' dir='ltr'>est</span> <span class='ocrx_word' id='word_1_253' title='bbox 1181 3395 1313 3458; x_wconf 88' lang='lat' dir='ltr'>corpus,</span> <span class='ocrx_word' id='word_1_254' title='bbox 1337 3387 1373 3441; x_wconf 91' lang='lat' dir='ltr'>et</span> <span class='ocrx_word' id='word_1_255' title='bbox 1395 3377 1444 3462; x_wconf 90' lang='lat' dir='ltr'>in·</span> 
     </span>
     <span class='ocr_line' id='line_1_30' title="bbox 330 3467 1443 3551; baseline 0.003 -18"><span class='ocrx_word' id='word_1_256' title='bbox 330 3469 445 3533; x_wconf 88' lang='lat' dir='ltr'>fimum</span> <span class='ocrx_word' id='word_1_257' title='bbox 464 3469 533 3550; x_wconf 86' lang='lat' dir='ltr'>ejus</span> <span class='ocrx_word' id='word_1_258' title='bbox 552 3478 630 3532; x_wconf 92' lang='lat' dir='ltr'>sunt</span> <span class='ocrx_word' id='word_1_259' title='bbox 649 3467 753 3550; x_wconf 87' lang='lat' dir='ltr'>pedes</span> <span class='ocrx_word' id='word_1_260' title='bbox 776 3477 812 3532; x_wconf 91' lang='lat' dir='ltr'>et</span> <span class='ocrx_word' id='word_1_261' title='bbox 835 3469 983 3551; x_wconf 89' lang='lat' dir='ltr'>plantae.</span> <span class='ocrx_word' id='word_1_262' title='bbox 1028 3467 1138 3532; x_wconf 92' lang='lat' dir='ltr'>Omne</span> <span class='ocrx_word' id='word_1_263' title='bbox 1161 3489 1302 3550; x_wconf 84' lang='lat' dir='ltr'>regnum</span> <span class='ocrx_word' id='word_1_264' title='bbox 1325 3471 1359 3533; x_wconf 92' lang='lat' dir='ltr'>in</span> <span class='ocrx_word' id='word_1_265' title='bbox 1381 3471 1443 3536; x_wconf 91' lang='lat' dir='ltr'>hoc</span> 
     </span>
     <span class='ocr_line' id='line_1_31' title="bbox 331 3562 1443 3645; baseline -0.002 -15"><span class='ocrx_word' id='word_1_266' title='bbox 331 3564 518 3630; x_wconf 88' lang='lat' dir='ltr'>aemulatur</span> <span class='ocrx_word' id='word_1_267' title='bbox 536 3563 729 3640; x_wconf 87' lang='lat' dir='ltr'>hominem;</span> <span class='ocrx_word' id='word_1_268' title='bbox 761 3562 806 3626; x_wconf 93' lang='lat' dir='ltr'>ibi</span> <span class='ocrx_word' id='word_1_269' title='bbox 824 3564 888 3628; x_wconf 89' lang='lat' dir='ltr'>erit</span> <span class='ocrx_word' id='word_1_270' title='bbox 910 3583 971 3626; x_wconf 86' lang='lat' dir='ltr'>rex</span> <span class='ocrx_word' id='word_1_271' title='bbox 994 3571 1032 3627; x_wconf 90' lang='lat' dir='ltr'>ut</span> <span class='ocrx_word' id='word_1_272' title='bbox 1054 3573 1167 3645; x_wconf 88' lang='lat' dir='ltr'>caput,</span> <span class='ocrx_word' id='word_1_273' title='bbox 1186 3575 1364 3645; x_wconf 90' lang='lat' dir='ltr'>praeterea</span> <span class='ocrx_word' id='word_1_274' title='bbox 1386 3567 1443 3628; x_wconf 95' lang='lat' dir='ltr'>tri-</span> 
     </span>
     <span class='ocr_line' id='line_1_32' title="bbox 331 3655 1444 3740; baseline -0.002 -18"><span class='ocrx_word' id='word_1_275' title='bbox 331 3661 410 3722; x_wconf 92' lang='lat' dir='ltr'>buni</span> <span class='ocrx_word' id='word_1_276' title='bbox 429 3669 463 3722; x_wconf 92' lang='lat' dir='ltr'>et</span> <span class='ocrx_word' id='word_1_277' title='bbox 486 3655 634 3720; x_wconf 90' lang='lat' dir='ltr'>officiarii</span> <span class='ocrx_word' id='word_1_278' title='bbox 656 3665 693 3718; x_wconf 92' lang='lat' dir='ltr'>ut</span> <span class='ocrx_word' id='word_1_279' title='bbox 716 3677 847 3738; x_wconf 91' lang='lat' dir='ltr'>corpus,</span> <span class='ocrx_word' id='word_1_280' title='bbox 866 3676 906 3720; x_wconf 92' lang='lat' dir='ltr'>ac</span> <span class='ocrx_word' id='word_1_281' title='bbox 929 3657 1043 3720; x_wconf 91' lang='lat' dir='ltr'>rustici</span> <span class='ocrx_word' id='word_1_282' title='bbox 1061 3676 1137 3720; x_wconf 92' lang='lat' dir='ltr'>cum</span> <span class='ocrx_word' id='word_1_283' title='bbox 1156 3657 1260 3720; x_wconf 90' lang='lat' dir='ltr'>servis</span> <span class='ocrx_word' id='word_1_284' title='bbox 1282 3666 1319 3720; x_wconf 87' lang='lat' dir='ltr'>ut</span> <span class='ocrx_word' id='word_1_285' title='bbox 1342 3659 1444 3740; x_wconf 87' lang='lat' dir='ltr'>pedes</span> 
     </span>
     <span class='ocr_line' id='line_1_33' title="bbox 331 3747 1443 3834; baseline -0.002 -18"><span class='ocrx_word' id='word_1_286' title='bbox 331 3763 365 3816; x_wconf 91' lang='lat' dir='ltr'>et</span> <span class='ocrx_word' id='word_1_287' title='bbox 393 3753 550 3834; x_wconf 86' lang='lat' dir='ltr'>plantae:</span> <span class='ocrx_word' id='word_1_288' title='bbox 583 3749 736 3813; x_wconf 91' lang='lat' dir='ltr'>similiter</span> <span class='ocrx_word' id='word_1_289' title='bbox 763 3751 796 3813; x_wconf 95' lang='lat' dir='ltr'>in</span> <span class='ocrx_word' id='word_1_290' title='bbox 825 3750 990 3824; x_wconf 90' lang='lat' dir='ltr'>Ecclesia,</span> <span class='ocrx_word' id='word_1_291' title='bbox 1014 3747 1166 3833; x_wconf 67' lang='lat' dir='ltr'>primusffl</span> <span class='ocrx_word' id='word_1_292' title='bbox 1188 3749 1357 3826; x_wconf 86' lang='lat' dir='ltr'>insulatus,</span> <span class='ocrx_word' id='word_1_293' title='bbox 1385 3771 1443 3814; x_wconf 92' lang='lat' dir='ltr'>an-</span> 
     </span>
     <span class='ocr_line' id='line_1_34' title="bbox 330 3844 1444 3927; baseline -0.002 -17"><span class='ocrx_word' id='word_1_294' title='bbox 330 3849 456 3910; x_wconf 91' lang='lat' dir='ltr'>tistites</span> <span class='ocrx_word' id='word_1_295' title='bbox 483 3845 629 3927; x_wconf 87' lang='lat' dir='ltr'>parochi,</span> <span class='ocrx_word' id='word_1_296' title='bbox 656 3854 692 3908; x_wconf 87' lang='lat' dir='ltr'>et</span> <span class='ocrx_word' id='word_1_297' title='bbox 721 3844 873 3908; x_wconf 89' lang='lat' dir='ltr'>flamines</span> <span class='ocrx_word' id='word_1_298' title='bbox 899 3845 961 3908; x_wconf 90' lang='lat' dir='ltr'>sub</span> <span class='ocrx_word' id='word_1_299' title='bbox 990 3845 1064 3908; x_wconf 91' lang='lat' dir='ltr'>illis.</span> <span class='ocrx_word' id='word_1_300' title='bbox 1110 3845 1187 3927; x_wconf 89' lang='lat' dir='ltr'>lpse</span> <span class='ocrx_word' id='word_1_301' title='bbox 1214 3845 1356 3908; x_wconf 93' lang='lat' dir='ltr'>mundus</span> <span class='ocrx_word' id='word_1_302' title='bbox 1383 3866 1444 3910; x_wconf 86' lang='lat' dir='ltr'>nec</span> 
     </span>
     <span class='ocr_line' id='line_1_35' title="bbox 330 3939 1444 4022; baseline 0 -19"><span class='ocrx_word' id='word_1_303' title='bbox 330 3941 483 4004; x_wconf 87' lang='lat' dir='ltr'>subsistit</span> <span class='ocrx_word' id='word_1_304' title='bbox 510 3939 572 4002; x_wconf 91' lang='lat' dir='ltr'>nisi</span> <span class='ocrx_word' id='word_1_305' title='bbox 599 3940 663 4002; x_wconf 91' lang='lat' dir='ltr'>tria</span> <span class='ocrx_word' id='word_1_306' title='bbox 686 3941 928 4022; x_wconf 86' lang='lat' dir='ltr'>consequentia</span> <span class='ocrx_word' id='word_1_307' title='bbox 953 3939 986 4000; x_wconf 91' lang='lat' dir='ltr'>in</span> <span class='ocrx_word' id='word_1_308' title='bbox 1013 3939 1130 4002; x_wconf 89' lang='lat' dir='ltr'>ordine</span> <span class='ocrx_word' id='word_1_309' title='bbox 1157 3939 1235 4012; x_wconf 90' lang='lat' dir='ltr'>sint,</span> <span class='ocrx_word' id='word_1_310' title='bbox 1259 3951 1444 4022; x_wconf 90' lang='lat' dir='ltr'>quaesunt</span> 
     </span>
     <span class='ocr_line' id='line_1_36' title="bbox 331 4033 1444 4115; baseline 0 -17"><span class='ocrx_word' id='word_1_311' title='bbox 331 4053 440 4110; x_wconf 89' lang='lat' dir='ltr'>mane,</span> <span class='ocrx_word' id='word_1_312' title='bbox 460 4033 615 4098; x_wconf 89' lang='lat' dir='ltr'>meridies</span> <span class='ocrx_word' id='word_1_313' title='bbox 633 4043 669 4096; x_wconf 96' lang='lat' dir='ltr'>et</span> <span class='ocrx_word' id='word_1_314' title='bbox 687 4053 847 4114; x_wconf 89' lang='lat' dir='ltr'>vespera;</span> <span class='ocrx_word' id='word_1_315' title='bbox 875 4041 911 4096; x_wconf 95' lang='lat' dir='ltr'>ut</span> <span class='ocrx_word' id='word_1_316' title='bbox 933 4043 969 4098; x_wconf 94' lang='lat' dir='ltr'>et</span> <span class='ocrx_word' id='word_1_317' title='bbox 987 4033 1169 4115; x_wconf 90' lang='lat' dir='ltr'>quotannis</span> <span class='ocrx_word' id='word_1_318' title='bbox 1187 4053 1256 4108; x_wconf 89' lang='lat' dir='ltr'>ver,</span> <span class='ocrx_word' id='word_1_319' title='bbox 1275 4043 1388 4098; x_wconf 83' lang='lat' dir='ltr'>aestas</span> <span class='ocrx_word' id='word_1_320' title='bbox 1410 4045 1444 4098; x_wconf 92' lang='lat' dir='ltr'>et</span> 
     </span>
     <span class='ocr_line' id='line_1_37' title="bbox 330 4125 1443 4208; baseline -0.002 -14"><span class='ocrx_word' id='word_1_321' title='bbox 330 4139 623 4202; x_wconf 74' lang='lat' dir='ltr'>autumnus-ver</span> <span class='ocrx_word' id='word_1_322' title='bbox 641 4137 678 4190; x_wconf 92' lang='lat' dir='ltr'>ut</span> <span class='ocrx_word' id='word_1_323' title='bbox 696 4125 755 4190; x_wconf 88' lang='lat' dir='ltr'>fiat</span> <span class='ocrx_word' id='word_1_324' title='bbox 774 4127 963 4203; x_wconf 85' lang='lat' dir='ltr'>seminatio,</span> <span class='ocrx_word' id='word_1_325' title='bbox 982 4136 1095 4190; x_wconf 87' lang='lat' dir='ltr'>aestas</span> <span class='ocrx_word' id='word_1_326' title='bbox 1114 4137 1151 4190; x_wconf 94' lang='lat' dir='ltr'>ut</span> <span class='ocrx_word' id='word_1_327' title='bbox 1173 4127 1387 4208; x_wconf 87' lang='lat' dir='ltr'>germinatio,</span> <span class='ocrx_word' id='word_1_328' title='bbox 1406 4149 1443 4192; x_wconf 91' lang='lat' dir='ltr'>ac</span> 
     </span>
     <span class='ocr_line' id='line_1_38' title="bbox 330 4217 1442 4298; baseline -0.001 -11"><span class='ocrx_word' id='word_1_329' title='bbox 330 4235 509 4287; x_wconf 89' lang='lat' dir='ltr'>autumnus</span> <span class='ocrx_word' id='word_1_330' title='bbox 532 4230 569 4285; x_wconf 91' lang='lat' dir='ltr'>ut</span> <span class='ocrx_word' id='word_1_331' title='bbox 591 4217 823 4298; x_wconf 73' lang='lat' dir='ltr'>fructificatio;</span> <span class='ocrx_word' id='word_1_332' title='bbox 854 4240 924 4283; x_wconf 89' lang='lat' dir='ltr'>nox</span> <span class='ocrx_word' id='word_1_333' title='bbox 947 4231 1061 4284; x_wconf 88' lang='lat' dir='ltr'>autem</span> <span class='ocrx_word' id='word_1_334' title='bbox 1084 4231 1119 4285; x_wconf 88' lang='lat' dir='ltr'>et</span> <span class='ocrx_word' id='word_1_335' title='bbox 1142 4221 1250 4286; x_wconf 90' lang='lat' dir='ltr'>hiems</span> <span class='ocrx_word' id='word_1_336' title='bbox 1272 4240 1340 4286; x_wconf 93' lang='lat' dir='ltr'>non</span> <span class='ocrx_word' id='word_1_337' title='bbox 1363 4243 1442 4286; x_wconf 92' lang='lat' dir='ltr'>con-</span> 
     </span>
     <span class='ocr_line' id='line_1_39' title="bbox 329 4313 1443 4399; baseline 0.001 -19"><span class='ocrx_word' id='word_1_338' title='bbox 329 4317 438 4380; x_wconf 85' lang='lat' dir='ltr'>serunt</span> <span class='ocrx_word' id='word_1_339' title='bbox 451 4317 494 4379; x_wconf 88' lang='lat' dir='ltr'>ad</span> <span class='ocrx_word' id='word_1_340' title='bbox 507 4315 773 4379; x_wconf 90' lang='lat' dir='ltr'>stabilimentum</span> <span class='ocrx_word' id='word_1_341' title='bbox 783 4314 909 4379; x_wconf 93' lang='lat' dir='ltr'>mundi.</span> <span class='ocrx_word' id='word_1_342' title='bbox 953 4313 1051 4378; x_wconf 93' lang='lat' dir='ltr'>Nunc</span> <span class='ocrx_word' id='word_1_343' title='bbox 1062 4316 1139 4397; x_wconf 88' lang='lat' dir='ltr'>quia</span> <span class='ocrx_word' id='word_1_344' title='bbox 1150 4335 1252 4380; x_wconf 94' lang='lat' dir='ltr'>omne</span> <span class='ocrx_word' id='word_1_345' title='bbox 1261 4315 1443 4399; x_wconf 72' lang='lat' dir='ltr'>persedtum</span> 
     </span>
     <span class='ocr_line' id='line_1_40' title="bbox 329 4405 1447 4492; baseline 0 -18"><span class='ocrx_word' id='word_1_346' title='bbox 329 4409 392 4475; x_wconf 88' lang='lat' dir='ltr'>erit</span> <span class='ocrx_word' id='word_1_347' title='bbox 415 4410 552 4484; x_wconf 90' lang='lat' dir='ltr'>trinum,</span> <span class='ocrx_word' id='word_1_348' title='bbox 573 4417 610 4473; x_wconf 88' lang='lat' dir='ltr'>ut</span> <span class='ocrx_word' id='word_1_349' title='bbox 633 4409 677 4474; x_wconf 93' lang='lat' dir='ltr'>sit</span> <span class='ocrx_word' id='word_1_350' title='bbox 700 4427 803 4472; x_wconf 90' lang='lat' dir='ltr'>unum</span> <span class='ocrx_word' id='word_1_351' title='bbox 829 4405 893 4492; x_wconf 91' lang='lat' dir='ltr'>[et]</span> <span class='ocrx_word' id='word_1_352' title='bbox 918 4407 1134 4472; x_wconf 88' lang='lat' dir='ltr'>contineatur</span> <span class='ocrx_word' id='word_1_353' title='bbox 1156 4409 1352 4486; x_wconf 88' lang='lat' dir='ltr'>cohaerens,</span> <span class='ocrx_word' id='word_1_354' title='bbox 1371 4410 1447 4475; x_wconf 90' lang='lat' dir='ltr'>ideo</span> 
     </span>
     <span class='ocr_line' id='line_1_41' title="bbox 329 4501 1445 4586; baseline 0.001 -19"><span class='ocrx_word' id='word_1_355' title='bbox 329 4515 470 4586; x_wconf 90' lang='lat' dir='ltr'>uterque</span> <span class='ocrx_word' id='word_1_356' title='bbox 488 4503 642 4580; x_wconf 90' lang='lat' dir='ltr'>mundus,</span> <span class='ocrx_word' id='word_1_357' title='bbox 662 4513 734 4568; x_wconf 92' lang='lat' dir='ltr'>tam</span> <span class='ocrx_word' id='word_1_358' title='bbox 757 4501 937 4586; x_wconf 84' lang='lat' dir='ltr'>spiritualis</span> <span class='ocrx_word' id='word_1_359' title='bbox 955 4521 1056 4586; x_wconf 90' lang='lat' dir='ltr'>quam</span> <span class='ocrx_word' id='word_1_360' title='bbox 1079 4503 1252 4580; x_wconf 90' lang='lat' dir='ltr'>naturalis,</span> <span class='ocrx_word' id='word_1_361' title='bbox 1270 4524 1316 4568; x_wconf 88' lang='lat' dir='ltr'>ex</span> <span class='ocrx_word' id='word_1_362' title='bbox 1340 4505 1445 4570; x_wconf 83' lang='lat' dir='ltr'>tribus</span> 
     </span>
     <span class='ocr_line' id='line_1_42' title="bbox 329 4595 1444 4683; baseline 0.002 -21"><span class='ocrx_word' id='word_1_363' title='bbox 329 4595 577 4680; x_wconf 84' lang='lat' dir='ltr'>atmosphaeris</span> <span class='ocrx_word' id='word_1_364' title='bbox 599 4619 658 4662; x_wconf 89' lang='lat' dir='ltr'>seu</span> <span class='ocrx_word' id='word_1_365' title='bbox 679 4597 858 4662; x_wconf 88' lang='lat' dir='ltr'>elementis</span> <span class='ocrx_word' id='word_1_366' title='bbox 880 4597 1036 4663; x_wconf 87' lang='lat' dir='ltr'>consistit</span> <span class='ocrx_word' id='word_1_367' title='bbox 1063 4605 1098 4661; x_wconf 94' lang='lat' dir='ltr'>et</span> <span class='ocrx_word' id='word_1_368' title='bbox 1120 4597 1284 4674; x_wconf 88' lang='lat' dir='ltr'>subsistit,</span> <span class='ocrx_word' id='word_1_369' title='bbox 1307 4617 1444 4683; x_wconf 89' lang='lat' dir='ltr'>quarum</span> 
     </span>
    </p>
   </div>
   <div class='ocr_carea' id='block_1_3' title="bbox 0 0 1674 5300">
    <p class='ocr_par' dir='ltr' id='par_1_4' title="bbox 0 0 1674 5300">
     <span class='ocr_line' id='line_1_43' title="bbox 0 0 1674 5300; baseline 0 1"><span class='ocrx_word' id='word_1_370' title='bbox 0 0 1674 5300; x_wconf 95' lang='lat' dir='ltr'> </span> 
     </span>
    </p>
   </div>
  </div>
 </body>
</html>
