3288 5294
264 632 321 700 1¹68
580 645 631 697 na
653 644 759 697 uovn
782 643 1057 697 manosotvun

260 819 455 894 humanum,
468 817 558 900 quod
578 817 703 900 alioqui
722 818 876 900 periisset
896 827 1008 882 morte
1023 827 1164 882 aeterna
1175 839 1184 896 ;
1206 827 1243 883 et
1262 839 1322 902 per
1339 817 1372 882 id

260 911 416 986 salvavit,
427 913 516 994 quod
529 911 759 994 subjugaverit
769 911 907 986 inferna,
918 933 1005 994 quae
1017 912 1223 976 infestabant
1237 931 1374 976 omnem
1455 909 1458 914 ’

260 1005 434 1068 hominem
457 1006 652 1070 venientem
675 1006 708 1068 in
732 1005 894 1068 mundum
917 1017 952 1070 et
975 1017 1161 1070 exeuntem
1184 1026 1204 1070 e
1227 1007 1374 1081 mundo;

260 1109 295 1162 et
319 1097 417 1162 simul
441 1119 501 1181 per
520 1101 565 1175 id,
585 1100 676 1182 quod
699 1097 938 1182 glorificaverit
963 1099 1159 1164 Humanum
1182 1119 1299 1178 suum;
1326 1101 1374 1163 sic

259 1195 350 1257 enim
365 1193 494 1258 inferna
510 1203 626 1276 potest
643 1205 760 1258 tenere
776 1192 957 1276 subjugata
973 1195 1006 1257 in
1022 1205 1209 1258 aeternum.
1253 1191 1374 1274 Subju·

259 1289 355 1370 gatio
370 1287 584 1364 iniemorum‚
598 1299 634 1352 et
650 1287 750 1352 simul
766 1286 970 1370 glorificatio
983 1289 1133 1352 Humani
1151 1289 1270 1372 Ipsius,
1287 1285 1376 1352 atta

260 1392 314 1446 est
338 1403 397 1464 per
415 1385 627 1447 tentationes
650 1385 682 1446 in
706 1383 902 1458 humanum,
922 1383 1014 1465 quod
1038 1383 1080 1446 Ei
1103 1384 1164 1448 luit
1186 1403 1232 1447 ex
1254 1392 1373 1457 matre,

259 1477 437 1551 admissas,
453 1487 489 1540 et
509 1497 568 1558 per
585 1479 765 1542 continuas
781 1485 863 1540 tunc
880 1474 1057 1541 vietorias:
1082 1479 1195 1559 passio
1215 1477 1323 1560 ipsius
1341 1478 1375 1541 in

261 1591 359 1636 cruce
375 1570 436 1635 luit
456 1571 575 1636 ultima
595 1573 745 1636 tentatio
763 1580 799 1634 et
818 1569 919 1652 plena
938 1569 1088 1636 victoria.

319 1675 418 1746 294.
443 1662 545 1744 Quod
569 1664 736 1726 Dominus
759 1663 993 1744 subjugaverit
1015 1664 1146 1727 inferna
1167 1663 1271 1728 docet
1297 1665 1375 1747 Ipse

259 1754 349 1835 apud
372 1753 585 1830 Johannem;
615 1775 692 1820 cum
718 1756 871 1820 instabat
898 1756 1011 1838 passio
1034 1756 1152 1830 crucis,
1177 1765 1258 1822 tuoe
1285 1757 1374 1820 dixit

258 1847 367 1930 Jesus,

294 1981 395 2032 “Nunc
409 1981 535 2044 judicium
550 1992 592 2032 est
606 1983 698 2032 mundi
712 1982 807 2046 hujus:
829 1995 899 2032 nunc
913 1981 1038 2045 princeps
1053 1983 1145 2032 mundi
1162 1981 1243 2046 hujus
1257 1981 1376 2046 ejicietur

390 2046 485 2096 loras''
498 2047 552 2108 (xii.
565 2059 604 2108 27,
617 2049 656 2106 28,
669 2049 726 2110 31);

260 2161 350 2244 apud
369 2162 525 2238 eundem,

512 2261 527 2284 ⁴¹
537 2259 678 2322 Confidite‚
693 2259 751 2323 Ego
762 2261 813 2310 vici
828 2261 957 2311 mundum
966 2259 980 2281 '¹
992 2261 1055 2324 (va
1068 2260 1109 2324 3³)
1122 2275 1129 2320 ἱ

261 2375 296 2430 et
316 2365 405 2448 apud
423 2364 576 2441 Esaiam,

310 2475 398 2538 “Quis
412 2475 454 2524 hic
466 2475 541 2524 venit
552 2489 586 2523 ex
602 2473 699 2524 Edom.
710 2511 716 2524 .
726 2511 732 2524 .
742 2475 765 2526 .l
782 2473 909 2523 incedens
922 2475 949 2523 in
964 2475 1134 2524 multitudine
1146 2475 1250 2524 roboris
1262 2475 1322 2534 sui..
1332 2511 1339 2525 .
1348 2511 1371 2525 ..

393 2555 507 2618 magpus
520 2541 554 2589 ad
569 2541 729 2618 salvandum
739 2554 759 2618 ἓ.
770 2575 776 2589 .
786 2577 792 2589 .
802 2540 928 2589 .salutem
943 2541 1076 2623 praestitit
1091 2539 1158 2588 Mihi
1173 2540 1307 2618 braebium
1322 2553 1377 2604 rpe-

390 2619 446 2664 um;
459 2605 519 2654 ideo
529 2602 616 2656 iatius
625 2615 667 2655 est
676 2605 728 2654 illis
738 2619 764 2654 tn
774 2605 942 2654 Salvatorem
953 2601 1142 2667 'tlxtn.l¹lt-19;
1155 2619 1211 2668 cap.
1219 2605 1263 2654 iix.
1272 2605 1366 2666 16-21).

262 2733 363 2817 Quod
382 2735 622 2818 glorificaverit
640 2736 836 2800 Humanum
853 2756 960 2810 suum,
977 2745 1013 2799 et
1032 2736 1122 2819 quod
1141 2737 1254 2818 passio
1269 2735 1375 2800 crucis

260 2831 359 2894 luerit
384 2830 502 2893 ultima
524 2831 674 2893 tentatio
698 2841 733 2894 et
757 2830 858 2914 plena
876 2827 1026 2903 victoria,
1047 2849 1107 2912 per
1128 2849 1230 2912 quam
1248 2829 1375 2912 glorifi-

261 2935 360 2988 catus
375 2929 444 2999 est,
464 2923 566 2987 docet
586 2923 690 2987 etiam
710 2925 798 3006 apud
818 2923 1018 3000 Johannem,
1077 2991 1079 2997 ,

311 3055 455 3121 Postquam
465 3057 548 3122 judas
557 3057 648 3116 exivit,
658 3059 723 3107 dixit
732 3057 819 3121 Jesus,
828 3059 842 3081 ‘⁴
850 3057 927 3106 Nunc
936 3057 1099 3120 glorificatus
1109 3067 1150 3106 est
1160 3055 1242 3106 Filius
1250 3056 1374 3106 hominis·

394 3132 482 3173 ....et
495 3123 568 3172 Deus
579 3123 738 3186 glorificabit
748 3122 839 3184 Ipsum
852 3123 881 3170 in
893 3123 927 3171 Se
939 3121 1009 3186 ipso,
1019 3133 1046 3172 et
1058 3123 1149 3172 statim
1161 3121 1320 3185 glorificabit
1333 3119 1377 3186 lp·

391 3201 450 3238 sum
460 3188 474 3210 '¹
486 3188 550 3250 (xiii.
565 3199 604 3250 31,
617 3189 676 3250 32);

260 3293 350 3375 apud
370 3291 526 3366 eundem,

311 3403 326 3425 ‘¹
337 3399 736 3528 Ρεῑῗὲνηεξιέἱίῗορρεςῆῐοῐίἧα
748 3399 844 3450 Filium
857 3407 941 3460 tuum,
950 3409 980 3450 ut
991 3399 1072 3450 etism
1083 3399 1166 3450 Filius
1178 3411 1238 3451 tuns
1247 3399 1376 3465 glorificet

262 3569 351 3653 apud
370 3570 526 3644 eundem,

311 3679 326 3702 ‘⁴
336 3677 414 3726 Nunc
426 3677 516 3726 anima
525 3691 586 3727 mea
595 3680 701 3728 turbata
709 3687 751 3728 est
761 3692 779 3734 ;.
789 3715 796 3728 .
806 3716 812 3728 .
823 3677 916 3729 ,Pater
926 3679 1046 3741 glorifica
1058 3689 1131 3730 tuum
1142 3693 1256 3730 nomen:
1274 3690 1302 3730 et
1312 3680 1377 3730 exiit

391 3757 445 3792 vox
456 3757 471 3792 e
483 3743 565 3802 caelo,
579 3741 612 3792 Et
622 3744 769 3806 glorificavi
781 3753 809 3794 et
820 3759 911 3796 rursus
923 3745 1077 3809 glorificabo
1085 3743 1099 3763 ”
1111 3744 1167 3804 (xii.
1180 3757 1219 3806 ²⁷.
1232 3747 1274 3808 28)
1286 3761 1292 3804 ;

262 3865 298 3920 et
313 3857 403 3939 apud
422 3855 556 3931 Lucam,

311 3971 326 3993 ‘⁸
336 3969 433 4019 Nonne
442 3969 492 4019 boc
501 3971 641 4032 oportebat
650 3971 705 4034 pati
713 3969 857 4030 Christum,
865 3981 892 4021 et
902 3972 1005 4035 ingredi
1015 3972 1041 4020 in
1052 3971 1165 4035 gloriam
1173 3971 1200 4022 i'’
1208 3971 1290 4032 (xxiv.
1298 3967 1377 4034 mab.)

266 4099 361 4166 Haec
379 4099 564 4166 dictasunt
581 4103 624 4166 de
641 4104 797 4185 passione
811 4103 938 4186 Ipsius:
961 4103 1177 4185 “glorificare
1185 4103 1200 4128 ”
1213 4113 1266 4168 est
1283 4104 1376 4168 Divi-

263 4214 342 4257 num
356 4195 475 4258 iacere.
508 4195 592 4259 Inde
610 4215 696 4258 nunc
710 4207 849 4260 constat
862 4197 953 4279 quod
970 4199 1031 4260 nisi
1049 4197 1214 4261 Dominus
1230 4199 1263 4262 in
1281 4217 1377 4262 mun·

262 4289 342 4353 dum
360 4291 490 4354 venerit
506 4301 541 4354 et
560 4291 674 4353 Homo
693 4289 799 4353 laetus
819 4292 874 4366 sit,
892 4301 927 4353 et
946 4311 988 4354 eo
1007 4292 1110 4355 modo
1126 4293 1319 4357 liberaverit
1335 4295 1378 4358 ab

262 4383 393 4448 inferno
409 4405 527 4448 omnes
543 4383 620 4447 illos
636 4385 691 4466 qui
708 4385 851 4448 credunt
868 4387 901 4448 in
919 4384 1045 4468 Ipsum,
1063 4397 1098 4450 et
1115 4395 1232 4450 amant
1250 4387 1375 4470 Ipsum.

263 4477 375 4541 nullus
403 4477 597 4540 mortalium
628 4477 750 4541 salvari
777 4479 945 4562 potuerit:
980 4481 1028 4545 ita
1057 4480 1259 4563 intelligitur
1285 4481 1374 4563 quod

262 4571 390 4655 absque
410 4572 560 4636 Domino
579 4571 672 4636 nulla
687 4573 789 4636 salus.
