3338 5300
387 683 592 736 ECCLESIAE
615 683 911 749 ANTIQUISSIMAE
934 683 1188 752 F1N15.-N.31.
1302 687 1340 750 4l

230 875 275 918 ex
297 873 412 918 amore
434 855 483 917 sui
509 864 543 918 et
567 853 680 916 mundi
704 864 868 935 apparent
891 837 977 918 sicut
999 853 1106 918 fusilia
1132 875 1177 918 ex
1204 874 1284 916 auro
1310 855 1344 918 in

231 948 341 1012 medio
359 959 394 1012 et
417 969 461 1011 ex
481 958 625 1029 argento
643 948 686 1011 ad
705 947 822 1024 latera,
841 949 885 1012 ad
904 969 989 1031 quae
1007 945 1111 1012 flectit
1130 967 1241 1028 genua
1258 948 1344 1010 sicut

230 1041 418 1106 idololatra.
464 1042 566 1105 Porro
585 1041 688 1105 homo
706 1042 886 1124 spiritualis
908 1044 942 1106 in
961 1063 997 1106 se
1015 1052 1067 1106 est
1086 1039 1262 1104 adtualiter
1280 1043 1344 1104 sic·

232 1147 267 1200 ut
280 1135 436 1200 columba
448 1136 558 1218 quoad
574 1137 876 1212 mansuetudinem,
890 1139 976 1201 sicut
988 1136 1100 1218 aquila
1111 1137 1221 1219 quoad
1238 1138 1345 1200 visum

232 1230 364 1303 mentis,
383 1231 469 1292 sicut
487 1229 558 1292 avis
577 1231 783 1311 paradisiaca
800 1231 919 1294 volans
938 1231 1049 1313 quoad
1073 1232 1345 1312 progressionem

230 1323 262 1384 in
285 1322 519 1405 spiritualibus,
539 1335 575 1388 et
598 1325 684 1388 sicut
707 1345 795 1406 pavo
813 1326 923 1407 quoad
947 1325 1066 1388 horum
1086 1327 1344 1388 exornationem

230 1437 250 1480 a
267 1417 510 1499 spiritualibus:
535 1419 679 1482 vicissim
698 1429 812 1482 autem
831 1419 934 1482 homo
953 1418 1113 1482 naturalis
1132 1429 1306 1501 separatus
1325 1440 1345 1482 a

230 1511 391 1592 spirituali
417 1523 470 1576 est
496 1513 583 1576 sicut
607 1514 767 1595 accipiter
794 1533 999 1596 persequens
1026 1512 1229 1589 columbam,
1257 1515 1344 1578 sicut

230 1606 332 1668 draco
361 1607 527 1670 devorans
557 1605 673 1670 oculos
703 1607 844 1690 aquilae,
876 1608 961 1671 sicut
992 1617 1123 1690 prester
1152 1607 1272 1670 volans
1301 1607 1344 1670 ad

230 1700 318 1762 latus
333 1702 404 1762 avis
419 1700 656 1782 paradisiacae,
674 1709 708 1764 et
727 1701 813 1764 sicut
829 1700 919 1764 bubo
931 1701 1031 1782 juxta
1046 1721 1223 1784 pavonem.
1269 1701 1345 1766 Hae

230 1794 500 1876 comparationes
526 1793 651 1858 allatae
678 1805 767 1870 sunt,
792 1805 828 1858 ut
854 1797 922 1858 sint
949 1797 1035 1860 sicut
1062 1795 1262 1878 perspicilla,
1286 1816 1345 1878 per

231 1909 316 1972 quae
339 1887 457 1970 legens
480 1885 641 1970 propiusl¹l
660 1889 884 1971 contemplari
907 1900 1021 1972 potest
1044 1890 1152 1972 qualis
1174 1901 1227 1954 est
1250 1891 1345 1973 spiri·

229 1981 328 2045 tualis
346 1981 450 2046 homo
469 1983 501 2044 in
521 2003 567 2056 se,
588 1993 622 2046 et
642 1983 803 2046 naturalis
822 1984 925 2048 homo
943 1985 977 2048 in
1000 2005 1046 2047 se.
1092 1984 1228 2046 Prorsus
1247 1984 1346 2046 aliter

230 2096 309 2140 vero
332 2076 396 2140 hoc
420 2086 484 2151 est,
503 2077 639 2160 quando
661 2077 841 2160 spiritualis
864 2078 967 2142 homo
990 2098 1049 2160 per
1071 2098 1166 2141 suam
1189 2079 1344 2160 spiritua·

230 2169 296 2232 lem
319 2169 428 2232 lucem
455 2178 490 2233 et
517 2169 724 2252 spiritualem
748 2171 896 2234 calorem
923 2173 1013 2235 intus
1038 2181 1091 2235 est
1119 2173 1152 2233 in
1180 2172 1344 2250 naturali;

230 2274 310 2327 tunc
334 2274 473 2347 uterque
498 2284 600 2328 unum
624 2265 762 2341 faciunt,
785 2266 1006 2330 consimiliter
1030 2269 1115 2330 sicut
1140 2277 1283 2329 conatus
1309 2267 1343 2330 in

230 2369 334 2434 motu,
358 2378 397 2421 ac
421 2357 578 2422 voluntas
603 2357 673 2442 (qui
696 2369 749 2424 est
776 2371 918 2424 conatus
941 2360 1050 2443 vivus)
1079 2361 1112 2424 in
1139 2358 1283 2436 afiione,
1307 2371 1343 2424 et

217 2453 316 2516 ‘sicut
335 2453 506 2534 appetitus
529 2453 562 2514 in
585 2463 696 2534 gustu,
716 2473 756 2518 ac
775 2455 864 2517 visus
886 2455 1010 2517 mentis
1032 2455 1066 2516 in
1084 2455 1155 2516 visu
1174 2454 1283 2530 oculi;
1307 2474 1346 2518 ac

231 2546 429 2620 evidentius,
449 2547 536 2610 sicut
559 2548 733 2631 perceptio
751 2549 797 2611 rei
820 2549 853 2610 in
872 2549 1079 2630 cognitione,
1099 2543 1161 2611 et¹¹¹
1180 2549 1345 2630 cogitatio

230 2639 300 2721 ejus
318 2641 351 2704 in
371 2639 515 2724 loquela.

289 2839 356 2908 31.
385 2824 446 2904 (ir.)
472 2825 608 2896 Oramus
621 2831 723 2889 status
737 2825 826 2908 hujus
840 2825 1011 2900 Ecclesiae,
1028 2825 1082 2909 qui
1098 2833 1171 2889 erat
1185 2827 1252 2909 ejus
1266 2827 1347 2891 Finis

231 2937 288 2982 ssu
308 2917 374 2982 uox
392 2925 426 2982 st
446 2924 574 2983 mortui·
593 2919 825 2994 consummatio,
844 2919 1043 2983 describitur
1061 2941 1120 3002 per
1140 2919 1224 2982 haec
1243 2922 1346 2984 etiarn

233 3011 295 3096 [in]
316 3015 418 3078 tertio
436 3015 547 3098 capite
569 3013 778 3097 [Geneseos]:

282 3149 442 3200 “Clamavit
453 3149 574 3214 Jeltovah
587 3149 660 3200 Deus
672 3151 706 3200 ad
717 3150 863 3208 hominem,
874 3150 991 3213 dixitque
1003 3150 1049 3208 illi,
1062 3149 1114 3199 Ubi
1127 3151 1172 3202 tui
1230 3151 1258 3198 ui
1269 3149 1345 3208 dixit,

360 3215 461 3265 Vocem
479 3225 552 3264 tuam
569 3215 659 3265 audivi
680 3216 706 3264 in
724 3215 811 3274 horto,
826 3215 886 3264 ideo
904 3215 980 3264 timui
998 3215 1070 3265 mihi.
1218 3229 1263 3264 um
1280 3215 1348 3264 dixit

359 3279 481 3344 jehouab
484 3317 566 3339 .....
577 3279 648 3330 Num
660 3281 694 3330 de
711 3281 815 3338 arbore,
829 3281 862 3329 de
875 3295 927 3344 qua
944 3280 1066 3343 praecepi
1084 3281 1131 3330 tibi
1149 3289 1179 3330 ut
1190 3281 1224 3328 de
1241 3295 1274 3329 ea
1291 3293 1346 3328 non

361 3345 523 3404 comederes,
541 3346 699 3396 comedisti?
733 3345 766 3394 Et
782 3346 849 3395 dixit
861 3346 951 3404 bomo,
970 3345 1067 3394 Mulier
1084 3361 1163 3410 quarn
1179 3345 1276 3394 dedisti
1292 3359 1348 3394 me·

360 3425 429 3468 cum,
439 3411 504 3460 haec
513 3411 586 3460 dedit
595 3411 659 3460 mihi
672 3411 705 3460 de
717 3412 821 3470 arbore,
833 3419 860 3460 et
869 3411 981 3460 comedi.
1020 3409 1053 3460 Et
1064 3411 1132 3460 dixit
1143 3409 1264 3474 Jehovab
1274 3409 1347 3460 Deus

362 3476 474 3534 mulieri,
489 3475 578 3540 Quare
590 3476 641 3525 hoc
657 3476 764 3526 iecisti?
797 3475 831 3525 Et
848 3476 914 3525 dixit
926 3476 1029 3536 mulier,
1044 3475 1159 3538 Serpens
1171 3477 1275 3538 decepit
1293 3489 1345 3533 rne,

361 3551 388 3589 et
408 3540 539 3591 comedi.''
573 3540 649 3590 Tunc
668 3540 790 3605 Jebovah
812 3541 884 3590 Deus
902 3541 1040 3590 maledixit
1057 3542 1184 3603 serpenti,
1206 3550 1233 3590 et
1254 3551 1348 3603 postes

361 3605 474 3666 mulieri,
488 3615 515 3656 et
533 3615 594 3669 post
611 3607 679 3656 banc
691 3607 757 3656 viro.
794 3606 896 3670 Quibus
908 3603 996 3665 ditiis,
1012 3609 1029 3630 ‘⁸
1039 3605 1160 3670 Jehovalr
1174 3605 1247 3655 Deus
1259 3607 1348 3655 emisit

361 3671 497 3798 hominpm
515 3686 548 3720 ex
565 3672 643 3799 bopo
662 3671 769 3730 Edenis,
788 3673 823 3722 ad
839 3671 980 3721 colendum
998 3681 1105 3729 terram,
1125 3687 1139 3720 e
1157 3686 1209 3734 qua
1226 3681 1347 3733 sumptus

361 3735 439 3786 erat’'
462 3751 531 3787 vers.
545 3749 623 3799 9¹²3·

232 3857 288 3922 Ex
311 3879 411 3922 sensu
430 3859 567 3924 literato
585 3881 644 3924 seu
666 3860 829 3924 historico
847 3861 1081 3942 descriptionis
1100 3861 1190 3924 vitae
1209 3859 1346 3933 Adami,

232 3963 327 4034 patet
350 3954 440 4036 quod
463 3953 663 4018 maledictus
686 3957 729 4018 sit
752 3957 829 4037 quia
848 3956 990 4019 credidit
1013 3957 1162 4038 serpenti
1185 3956 1274 4037 quod
1298 3955 1313 4016 l
1333 3989 1346 4002 -

232 4056 324 4110 turus
345 4057 435 4111 esset
454 4049 540 4112 sicut
565 4049 667 4124 Deus,
687 4051 796 4132 etqui
818 4048 884 4112 hoe
903 4050 1010 4113 credit
1033 4050 1172 4113 tandem
1195 4068 1262 4111 non
1285 4069 1346 4130 ag-

232 4139 341 4204 noscit
358 4139 478 4204 Deum.
523 4141 570 4206 Et
586 4143 662 4225 quia
672 4143 832 4206 naturalis
845 4142 948 4206 homo
961 4153 1135 4226 separatus
1151 4163 1170 4206 a
1186 4142 1347 4225 spirituali

230 4232 263 4294 in
282 4233 342 4298 tali
360 4232 426 4298 fide
444 4245 498 4300 est
514 4238 626 4311 corde,
643 4246 825 4319 utcumque
841 4235 938 4300 aliter
953 4239 1058 4319 garrit
1075 4257 1143 4312 ore,
1160 4237 1236 4300 ideo
1252 4246 1346 4319 post·

230 4347 330 4408 quam
349 4347 370 4391 a
387 4329 550 4410 spirituali
569 4331 731 4394 naturalis
749 4327 856 4394 iactus
874 4341 937 4405 est,
955 4329 1035 4394 hicl'l
1054 4328 1252 4394 maleditms
1271 4339 1345 4407 est;

230 4439 269 4484 ac
293 4420 491 4487 maledittus
514 4435 566 4488 est
591 4425 703 4507 quoad
727 4425 798 4508 ejus
824 4425 990 4500 sensuale,
1015 4425 1084 4507 ejus
1107 4425 1345 4498 voluntarium,

231 4525 266 4579 et
292 4515 363 4596 ejus
385 4515 636 4597 intellettuale3
668 4519 737 4602 ejus
761 4519 917 4584 sensuale
941 4521 1031 4584 enim
1056 4518 1264 4602 significatur
1287 4540 1346 4601 per

232 4611 483 4693 ‘'serpentem’'
513 4613 583 4695 ejus
612 4613 838 4678 voluntarium
870 4634 928 4696 per
954 4613 1186 4692 “mulierem’'
1212 4623 1247 4677 et
1277 4612 1345 4695 ejus
