3352 5298
443 719 491 770 ss
514 719 599 786 EJUS
622 706 1185 789 uocrx1nncnsunsr1.-n.76.
1338 723 1376 790 57

253 890 288 953 in
308 887 395 972 pluri
418 891 526 974 copia,
547 899 583 954 et
606 891 639 954 in
664 889 781 972 majori
804 890 923 972 gradu,
943 900 1117 974 praestare
1140 899 1279 974 potest:
1305 890 1376 956 tale

255 983 443 1047 dominium
462 995 515 1048 est
535 985 568 1048 in
588 984 701 1049 caelis.
747 984 798 1049 At
817 985 872 1068 qui
895 985 1091 1048 dominatur
1109 1005 1154 1048 ex
1177 1005 1293 1049 amore
1312 989 1374 1058 sui,

254 1079 282 1140 is
311 1078 385 1142 vult
415 1079 498 1142 nulli
528 1079 665 1155 bonum,
690 1079 751 1142 sed
781 1078 890 1142 solum
914 1079 977 1143 sibi
1001 1088 1037 1142 et
1064 1081 1152 1157 suis3
1185 1101 1264 1142 usus
1291 1101 1375 1164 quos

253 1181 419 1254 praestat,
431 1183 510 1237 sunt
527 1184 666 1256 propter
681 1175 731 1237 sui
748 1173 914 1238 honorem
925 1183 966 1238 ‘et
982 1173 1137 1256 gloriam,
1151 1195 1238 1258 quae
1253 1175 1283 1238 ei
1296 1187 1375 1239 sunt

253 1266 318 1330 soli
340 1289 442 1345 usus;
466 1269 591 1332 servire
615 1267 690 1332 aliis
714 1277 767 1333 est
794 1269 825 1332 ei
848 1263 988 1352 propter
1011 1267 1112 1332 finem
1135 1277 1173 1333 ut
1197 1271 1373 1345 serviatur,

255 1360 453 1436 honoretur,
473 1371 508 1426 et
532 1363 747 1442 dominetur;
777 1363 885 1427 ambit
915 1363 1104 1445 dignitates
1136 1384 1204 1427 non
1234 1375 1375 1448 propter

253 1455 344 1520 bona
366 1477 453 1540 quae
476 1465 641 1539 praestet,
661 1457 722 1522 sed
746 1467 783 1521 ut
806 1459 839 1522 in
863 1459 1050 1522 eminentia
1073 1468 1108 1522 et
1131 1458 1242 1541 gloria
1264 1461 1320 1536 sit,
1340 1471 1375 1524 et

252 1550 332 1615 inde
347 1552 381 1614 in
397 1553 447 1614 sui
463 1552 575 1615 cordis
588 1551 748 1633 jucundo

315 1655 383 1726 73.
413 1643 525 1706 Amor
550 1644 692 1707 dominii
721 1653 840 1708 manet
869 1645 974 1708 etiam
1004 1645 1267 1728 unumquemvis
1295 1655 1375 1728 post

252 1737 359 1800 vitam
382 1736 415 1798 in
439 1736 589 1814 mundo;
616 1735 676 1800 sed
703 1737 759 1819 q'ui
785 1736 951 1800 dominati
979 1746 1059 1800 sunt
1086 1758 1130 1800 ex
1154 1757 1270 1801 amore
1293 1757 1375 1820 erga

254 1831 457 1912 proximum,
475 1829 541 1893 illis
565 1831 782 1894 concreditur
800 1831 904 1896 etiam
924 1831 1115 1894 dominatio
1133 1833 1166 1894 in
1186 1831 1290 1895 caelis
1306 1853 1313 1910 ;
1337 1844 1374 1896 at

254 1935 335 1988 tunc
351 1924 399 1989 illi
415 1943 483 1988 non
500 1925 729 2001 dominantur,
742 1925 802 1989 sed
819 1946 898 1988 usus
914 1935 949 1989 et
967 1926 1057 1988 bona
1072 1947 1158 2009 quae
1174 1936 1292 1990 amant
1306 1947 1314 2006 ;
1337 1938 1372 1990 et
1488 1927 1491 1933 '

253 2037 330 2082 cum
361 2040 441 2082 usus
469 2029 505 2083 et
534 2019 636 2094 bona,
664 2021 859 2084 dominatur
888 2019 1074 2083 Dominus:
1109 2022 1165 2104 qui
1194 2031 1309 2084 autem
1339 2022 1372 2084 in

253 2115 381 2178 mundo
393 2115 561 2178 dominati
574 2123 654 2180 sunt
667 2135 712 2178 ex
725 2134 840 2179 amore
853 2116 913 2188 sui,
925 2115 973 2179 illi
987 2126 1065 2198 post
1079 2117 1185 2179 vitam
1199 2118 1232 2178 in
1246 2117 1374 2180 mundo

253 2219 333 2274 sunt
351 2211 384 2272 in
401 2209 543 2284 inferno,
560 2220 595 2274 et
615 2210 660 2273 ibi
675 2210 755 2274 vilia
771 2211 949 2293 mancipia.

311 2315 380 2386 74.
416 2300 473 2364 Ex
503 2301 555 2364 his
585 2321 674 2365 nunc
703 2303 926 2384 cognoscitur
951 2303 1090 2385 quinam
1116 2305 1150 2366 in
1176 2322 1294 2366 amore
1323 2305 1373 2366 sui

253 2405 341 2457 sunt.
387 2392 454 2458 Sed
474 2413 542 2456 non
562 2393 663 2457 refert
682 2394 828 2476 qualiter
846 2404 1013 2477 apparent
1033 2395 1066 2458 in
1086 2405 1232 2458 externa
1251 2395 1368 2466 forma,

253 2490 279 2552 si
298 2488 352 2553 vel
375 2489 458 2553 elati
480 2489 535 2552 vel
558 2489 735 2567 submissi;
767 2507 846 2552 nam
870 2489 956 2553 talia
976 2499 1055 2554 sunt
1078 2491 1111 2553 in
1136 2491 1287 2554 interiori
1310 2490 1373 2554 ho·

253 2585 352 2657 mine,
369 2593 404 2646 et
424 2584 564 2646 interior
582 2582 688 2647 homo
706 2605 726 2646 a
749 2584 917 2667 plerisque
936 2583 1140 2658 occultatur,
1158 2605 1197 2647 ac
1221 2585 1374 2648 exterior

252 2678 427 2742 instruitur
443 2679 577 2741 mentiri
597 2677 655 2740 illa
674 2698 760 2761 quae
779 2679 903 2745 amoris
922 2677 1047 2761 publici
1066 2687 1101 2742 et
1118 2679 1265 2761 proximi
1281 2688 1371 2748 sunt,

253 2771 301 2834 ita
313 2773 484 2835 contraria
500 2793 506 2847 ;
531 2781 566 2836 et
583 2771 648 2835 hoc
665 2792 800 2854 quoque
815 2782 956 2855 propter
970 2791 1026 2836 se:
1051 2775 1162 2836 sciunt
1179 2774 1268 2836 enim
1283 2775 1373 2856 quod

253 2883 368 2930 amare
391 2867 563 2950 publicum
587 2875 622 2930 et
646 2869 839 2950 proximum
863 2869 1004 2932 interius
1025 2867 1152 2932 afficiat
1183 2887 1313 2943 omnes,
1337 2880 1373 2932 et

255 2960 345 3043 quod
368 2971 503 3024 tantum
527 2971 685 3025 amentur
707 2971 743 3025 et
765 2962 1011 3042 aestimentur3
1035 2963 1126 3046 quod
1156 2961 1295 3039 afficiat,
1319 2973 1373 3026 est

253 3057 330 3138 quia
349 3055 481 3119 caelum
502 3057 535 3118 in
555 3055 649 3119 illum
668 3075 821 3120 amorem
841 3057 959 3122 influit.

309 3160 378 3231 75.
407 3147 501 3210 Mala
513 3167 599 3230 quae
612 3148 680 3211 illis
692 3158 772 3212 sunt
785 3149 841 3231 qui
857 3150 890 3211 in
903 3168 1020 3212 amore
1031 3151 1092 3222 sui,
1106 3158 1186 3212 sunt
1199 3149 1233 3212 in
1246 3167 1372 3231 genere

252 3249 473 3322 contemptus
490 3239 643 3315 aliorum,
660 3241 797 3317 invidia,
815 3242 990 3305 inimicitia
1007 3253 1129 3305 contra
1145 3242 1224 3306 illos
1238 3243 1294 3325 qui
1310 3243 1372 3306 sibi

252 3353 320 3398 non
347 3334 475 3410 favent,
496 3333 671 3398 hostilitas
701 3335 791 3412 inde,
811 3337 890 3400 odia
912 3338 994 3400 varii
1019 3339 1164 3419 generis,
1189 3334 1369 3412 vindictae,

251 3439 356 3504 astus,
371 3428 451 3503 doli,
466 3430 754 3506 immisericordia,
772 3439 807 3495 et
827 3431 1010 3496 crudelitas
1023 3440 1089 3510 ;·et
1110 3433 1165 3494 ubi
1182 3431 1265 3495 talia
1281 3431 1372 3494 mala

252 3534 341 3600 sunt,
359 3534 413 3588 est
429 3525 534 3588 etiam
551 3534 772 3607 contemptus
788 3526 912 3601 Divini,
926 3546 966 3589 ac
983 3527 1171 3590 divinorum
1190 3547 1276 3609 quae
1293 3537 1372 3590 sunt

251 3637 331 3682 vera
353 3629 389 3682 et
413 3619 503 3682 bona
526 3620 714 3698 ecclesiae;
737 3641 823 3703 quae
846 3621 873 3684 si
897 3621 1082 3694 honorant,
1102 3631 1156 3684 est
1180 3619 1290 3683 solum
1314 3640 1372 3684 ore

252 3723 286 3776 et
309 3733 377 3776 non
401 3714 513 3777 corde.
559 3713 607 3778 Et
630 3715 708 3796 quia
727 3715 811 3779 talia
834 3715 925 3779 mala
948 3717 1026 3780 inde
1050 3727 1143 3792 sunt,
1163 3717 1267 3780 etiam
1292 3727 1371 3780 sunt

252 3808 372 3871 similia
387 3808 483 3882 salsa,
502 3827 581 3871 nam
597 3829 642 3872 ex
661 3809 760 3874 malis
777 3820 856 3875 sunt
872 3810 967 3874 salsa.

312 3901 383 3984 7⁶.
413 3902 524 3966 Amor
543 3903 660 3968 mundi
684 3914 800 3968 autem
819 3915 873 3970 est
893 3904 982 3970 velle
1001 3905 1142 3970 aliorum
1162 3925 1246 3988 opes
1268 3905 1311 3969 ad
1334 3926 1371 3969 se

252 3995 403 4061 derivare
421 4017 622 4081 quacunque
641 4009 726 4073 arte,
746 4019 786 4063 ac
810 3999 843 4063 in
863 4000 990 4064 divitiis
1009 4019 1068 4063 cor
1086 4019 1224 4081 ponere,
1244 4010 1280 4063 et
1300 4001 1371 4082 pati

252 4100 287 4155 ut
306 4091 453 4155 mundus
476 4091 632 4157 retrahat
655 4103 690 4158 et
714 4093 863 4159 abducat
883 4093 977 4158 illum
994 4095 1038 4158 ab
1057 4115 1172 4158 amore
1192 4093 1369 4177 spirituali,

251 4185 306 4268 qui
329 4195 382 4250 est
406 4205 502 4250 amor
520 4206 603 4269 erga
625 4189 831 4270 proximum,
851 4190 901 4253 ita
924 4210 944 4253 a
967 4187 1074 4253 caelo.
1121 4189 1175 4254 llli
1198 4189 1231 4252 in
1254 4207 1370 4252 amore

252 4280 366 4344 mundi
389 4291 469 4344 sunt
493 4282 550 4364 qui
573 4283 714 4364 cupiunt
737 4283 879 4346 aliorum
903 4284 994 4347 bona
1016 4285 1050 4346 in
1078 4305 1114 4348 se
1137 4285 1290 4348 derivare
1313 4305 1372 4367 per

250 4375 358 4438 varias
377 4385 480 4450 artes,
498 4376 661 4458 imprimis
680 4377 736 4460 qui
756 4397 816 4460 per
831 4387 927 4442 astus
946 4387 982 4442 et
1001 4378 1111 4453 dolos,
1131 4379 1225 4441 nihili
1245 4379 1371 4442 iacien-

252 4479 304 4532 tes
322 4469 449 4532 bonum
469 4471 625 4552 proximi.
668 4469 722 4534 Illi
742 4473 797 4555 qui
816 4473 849 4535 in
869 4471 929 4536 illo
946 4492 1064 4538 amore
1082 4484 1173 4548 sunt,
1191 4475 1369 4556 concupis-

250 4575 330 4628 cunt
350 4564 492 4628 aliorum
511 4565 612 4642 bona,
626 4575 662 4630 et
681 4576 846 4649 quantum
866 4587 934 4632 non
952 4569 1077 4632 timent
1097 4567 1191 4650 leges
1207 4577 1243 4631 et
1259 4566 1369 4649 jadlu-

249 4677 320 4723 ram
335 4659 445 4724 famae
464 4670 604 4745 propter
622 4659 762 4740 lucrum,
774 4662 966 4746 deprivant,
983 4663 1088 4727 immo
1107 4663 1369 4746 depraedantur.
