3288 5294
314 693 373 758 142
634 691 686 742 DE
708 689 814 743 NOVA
838 689 1113 743 HIEROSOLYMA

311 860 486 936 naturalis,
511 881 572 943 pro
594 859 807 950 hominibus:
835 861 913 926 inde
937 871 990 926 est
1013 860 1104 946 quod
1126 857 1320 944 conjunitio
1342 859 1428 926 caeli

311 973 388 1018 cum
407 953 546 1018 homine
565 955 608 1018 sit
627 975 687 1037 per
705 955 868 1018 Verbum.

370 1063 466 1132 253·
488 1049 683 1112 Genuinum
699 1069 836 1113 sensum
845 1049 953 1113 Verbi
964 1070 1032 1113 non
1045 1050 1248 1133 intelligunt
1259 1050 1316 1114 alii
1327 1071 1427 1134 quam

310 1140 367 1224 qui
386 1140 545 1204 illustrati
564 1150 664 1219 sunt;
688 1161 727 1205 ac
748 1141 961 1205 illustrantur
980 1141 1028 1204 illi
1047 1141 1168 1218 solum,
1186 1143 1241 1225 qui
1260 1145 1294 1205 in
1313 1163 1429 1207 amore

311 1243 347 1298 et
363 1232 429 1298 fide
445 1244 524 1298 sunt
540 1235 574 1298 in
592 1235 795 1312 Dominum;
820 1235 954 1299 illorum
971 1235 1062 1299 enim
1078 1236 1240 1300 interiora
1252 1235 1430 1302 elevantur

311 1349 332 1394 a
350 1329 499 1392 Domino
518 1330 551 1393 in
571 1329 681 1393 lucem
701 1330 797 1394 caeli.

350 1439 447 1508 254.
475 1423 629 1487 Verbum
652 1425 686 1488 in
708 1425 826 1489 littera
848 1445 916 1488 non
939 1434 1057 1508 potest
1078 1427 1154 1508 capi
1178 1425 1241 1490 nisi
1263 1447 1324 1510 per
1345 1427 1428 1492 doc·

311 1517 436 1582 trinam
456 1537 501 1581 ex
520 1516 637 1581 Verbo
661 1539 719 1600 per
739 1518 947 1581 illustratum
966 1514 1100 1582 factam.
1146 1517 1272 1583 Sensus
1292 1520 1429 1585 litterae

311 1611 382 1694 ejus
398 1613 678 1676 accommodatus
694 1623 747 1675 est
764 1613 878 1694 captui
895 1611 1069 1676 hominum
1083 1613 1188 1676 etiam
1204 1609 1405 1694 simplicium
1419 1631 1427 1690 3

311 1726 415 1790 quare
433 1703 589 1770 doctrina
607 1726 626 1770 e
645 1705 762 1771 Verbo
781 1707 845 1771 erit
864 1705 930 1769 illis
949 1727 1010 1789 pro
1030 1705 1177 1770 lucerna.

711 1902 751 1956 tn
760 1911 857 1946 mann
867 1850 1028 1956 anniani

310 2021 399 2084 ²³³·
422 2011 469 2066 De
488 2011 578 2066 Verbi
586 2009 763 2066 Necessitate
773 2017 802 2066 et
814 2013 1012 2068 Praestantia.

364 2129 454 2204 Quod
473 2147 509 2187 ex
528 2132 640 2187 lumine
659 2131 790 2187 Naturae
808 2131 882 2186 nihil
901 2133 1013 2188 sciatur
1027 2133 1065 2188 de
1085 2131 1225 2195 Domino,
1240 2133 1278 2186 de
1296 2131 1380 2188 eaelo
1397 2141 1428 2186 et

311 2201 435 2264 interno.
449 2203 487 2257 de
501 2203 564 2257 vita
582 2203 711 2258 hominis
726 2213 795 2274 post
810 2213 945 2264 mortem,
955 2213 986 2258 et
1005 2203 1043 2258 de
1063 2202 1180 2258 Divinis
1191 2203 1270 2258 veris
1289 2219 1340 2272 per
1353 2215 1428 2273 quae

311 2273 426 2328 homini
438 2273 501 2328 vita
512 2272 674 2342 spiritualis
685 2283 717 2328 et
729 2283 851 2330 aeterna
865 2275 904 2340 (n.
917 2273 995 2340 8944,
1011 2273 1222 2341 10318-10320).

364 2341 454 2416 Quod
469 2343 498 2398 id
511 2354 648 2398 constare
660 2343 755 2414 possit
767 2359 804 2398 ex
816 2343 978 2415 e0‚—quod
1016 2344 1101 2405 lures.
1114 2353 1145 2398 et
1158 2341 1298 2396 intereos
1311 2341 1427 2404 eruditi,

310 2413 509 2538 gonllcredant
529 2413 586 2476 illa,
598 2413 717 2469 tametsi
736 2413 798 2468 nati
817 2425 888 2468 sunt
907 2413 956 2468 ubi
1002 2415 1113 2475 erbum,
1126 2423 1158 2468 et
1176 2429 1228 2484 per
1241 2412 1271 2468 id
1291 2409 1426 2466 instrutll

332 2499 371 2540 er
395 2501 419 2539 ts
446 2500 473 2538 n.
490 2497 553 2537 ror
589 2524 595 2538 .

364 2486 453 2626 Quoil
470 2497 539 2608 ideri
551 2485 705 2610 riicessum
718 2552 806 2608 fuerit
819 2565 853 2608 ut
867 2553 966 2625 aliqua
979 2553 1120 2610 revelatio
1132 2561 1212 2610 esset
1225 2568 1243 2608 e
1256 2553 1349 2616 caelo,
1358 2551 1427 2623 quia

311 2624 404 2681 horno
416 2625 454 2680 ad
468 2625 582 2679 caelum
596 2633 684 2679 natus
697 2635 743 2680 est
757 2627 797 2692 (n.
813 2625 901 2693 1775).

393 2696 453 2749 uod
467 2693 535 2748 ideo
548 2694 630 2749 omni
645 2705 780 2764 tempore
792 2694 881 2750 fuerit
894 2693 1035 2750 revelatio
1050 2696 1089 2762 (n.
1103 2693 1193 2762 2895).

217 2831 220 2836 ,
327 2834 364 2888 ⁰6
418 2763 507 2819 variis
517 2763 705 2819 revelationis
714 2764 868 2834 speciebus
879 2765 909 2818 in
922 2765 978 2819 hac
987 2765 1092 2819 tellure
1102 2762 1267 2819 sucoessive
1281 2765 1321 2832 (n.
1335 2773 1425 2831 16355,

313 2849 324 2890 1
382 2849 419 2888 2.

364 2835 454 2976 Diod
467 2903 689 2976 antiquissimis,
702 2905 753 2975 qui
768 2917 837 2960 ante
852 2905 1004 2967 diluvium,
1017 2920 1143 2975 quorum
1157 2914 1275 2973 tempus
1287 2914 1426 2957 vocatum

311 2985 358 3030 est
376 2975 526 3029 saeculum
545 2990 676 3036 aureum,
690 2973 778 3030 luerit
793 2975 935 3030 revelatio
954 2975 1133 3036 immediata,
1148 2985 1180 3038 et
1196 2973 1265 3028 inde
1285 2971 1426 3027 Divinum

311 3045 422 3100 Verum
437 3044 524 3099 inseri
547 3055 611 3098 tum
625 3046 766 3101 cordibus
778 3063 882 3101 eorum
898 3049 937 3114 (n.
949 3045 1039 3114 2896).

414 3116 454 3169 od
474 3115 504 3168 in
553 3115 665 3184 ntiquis
686 3115 831 3178 Ecclesia,
847 3132 923 3186 quae
941 3115 1061 3170 inerunt
1083 3125 1150 3186 post
1168 3113 1323 3175 diluvium,
1339 3111 1426 3168 luerit

310 3185 371 3240 Ver
391 3201 442 3240 um
454 3195 517 3240 tam
532 3183 716 3242 Historleuru
729 3203 818 3257 quam
832 3185 1044 3256 propheticum
1059 3187 1099 3255 (n.
1111 3185 1187 3248 2686,
1199 3183 1283 3254 2897ς
1299 3191 1330 3236 de
1341 3189 1427 3248 qubus

310 3257 422 3318 coeletia
432 3259 542 3308 videatur
551 3273 576 3308 n.
587 3256 659 3324 247).

365 3325 454 3400 Quod
474 3327 615 3381 historica
633 3327 697 3398 ejus
715 3324 796 3381 dieta
820 3325 929 3382 luerint
946 3327 1030 3380 Bella
1054 3325 1187 3398 Jeleovaa
1200 3333 1232 3380 et
1252 3325 1428 3396 prophetica
1513 3375 1517 3382 .

311 3398 478 3453 Enuntiata
496 3399 536 3466 (n.
550 3397 639 3465 2897).

364 3467 454 3608 98¹5}
468 3467 497 3522 id
510 3467 642 3522 Verbum
654 3465 745 3522 luerit
757 3466 853 3522 simile
866 3477 969 3524 nostro
978 3465 1078 3522 Verbo
1090 3467 1189 3538 quoad
1202 3465 1426 3538 inspirationem

326 3553 383 3595 n.2
452 3579 458 3594 .

313 3541 326 3610 (
364 3550 455 3735 &tid
469 3607 498 3662 id
513 3615 709 3663 memoratum
722 3606 762 3662 sit
774 3622 793 3661 a
805 3606 891 3662 Mose
903 3609 944 3676 (n.
959 3607 1035 3669 2686,
1049 3607 1140 3676 2897).

459 3679 520 3734 uod
533 3679 564 3733 id
576 3677 708 3733 Verbum
721 3677 909 3748 deperditum
924 3677 964 3732 sit
978 3680 1018 3746 (n.
1032 3677 1122 3746 2897).

364 3695 458 3822 Quoi
476 3749 566 3804 etiam
588 3765 643 3832 pro
664 3747 779 3803 beticae
798 3747 993 3804 revelationes
1017 3747 1096 3820 apud
1121 3747 1195 3802 alios
1217 3745 1334 3810 luerint.
1350 3747 1428 3802 sicut

311 3831 394 3894 patet
405 3835 424 3874 a
436 3819 617 3891 propheticis
658 3818 755 3873 ileaml
770 3819 810 3887 (n.
825 3817 915 3888 2898).

364 3945 453 4020 Quod
469 3947 601 4004 Verbum
620 3949 659 4005 sit
678 3947 820 4003 Divinum
841 3947 870 4002 in
889 3947 1027 4004 omnibus
1045 3958 1077 4004 et
1094 3947 1219 4020 singulis
1238 3949 1278 4018 (n.
1293 3948 1354 4018 ⁶³9⁵
1366 3947 1428 4011 680,
1448 3944 1452 3952 '

314 4019 595 4213 ¹⁰3grir>1d⁰6liiibum
614 4089 653 4176 sit
671 4088 770 4176 quoad
790 4103 909 4143 omnem
928 4088 1044 4160 jotham
1063 4099 1094 4144 et
1108 4087 1223 4160 apicem
1240 4085 1382 4144 Divinum
1397 4099 1429 4145 et

311 4159 710 4370 ἶῃριῗὲἲηῖοέοιῖἕὲἔοὸἶὲξ
718 4173 819 4285 riori1³e⁴
818 4158 927 4302 iiii?
918 4159 1050 4286 iiiam
1064 4229 1163 4301 quoad
1178 4244 1307 4300 ornnem⁸
1311 4227 1427 4300 jotham

310 4317 335 4356 sr
363 4315 539 4370 rnsprraum
566 4317 594 4356 n.
692 4339 699 4356 .
761 4343 763 4346 .

362 4417 453 4544 guod
466 4419 592 4476 ecclesia
604 4419 634 4474 in
647 4419 746 4491 specie
758 4419 798 4474 sit
809 4420 860 4474 ubi
873 4419 1014 4484 Verbum,
1023 4431 1054 4476 et
1066 4420 1157 4492 perid
1172 4417 1319 4476 Dominus
1329 4427 1426 4480 notus,

310 4505 346 4546 ac
392 4489 471 4544 ivina
483 4505 553 4545 vera
565 4491 695 4546 revelata
708 4491 748 4560 (n.
762 4489 839 4559 3857,
855 4489 960 4558 10761).

364 4560 406 4615 At
418 4561 499 4631 quod
513 4559 581 4615 ideo
597 4575 656 4615 non
670 4561 707 4614 ab
720 4559 844 4615 ecclesia
856 4560 916 4615 sint
928 4561 978 4630 qui
995 4559 1056 4614 nati
1070 4559 1120 4614 ubi
1133 4558 1273 4622 Verbum.
1287 4569 1318 4615 et
1331 4557 1427 4630 perid

311 4624 459 4686 Dominus
474 4641 571 4694 notus,
580 4631 633 4687 sed
649 4631 700 4702 qui
715 4647 768 4702 per
779 4645 850 4686 vera
861 4647 899 4686 ex
911 4629 1042 4686 Verboa
1057 4628 1188 4686 Domirm
1200 4639 1427 4702 regenerantun
