3338 5300
317 683 358 768 30
788 701 962 756 conotus.

316 871 416 932 maris
439 869 549 946 latuit,
568 880 604 934 et
625 879 740 935 tamen
759 871 1004 955 redemptionis
1022 868 1176 937 doftrina
1197 880 1251 936 est
1273 879 1435 953 tanquam

316 965 597 1048 gazophylacium
615 967 764 1030 omnium
788 987 890 1050 opum
914 965 1134 1050 spiritualium
1156 987 1216 1030 seu
1234 965 1435 1048 dogmatum

317 1057 436 1122 Novae
456 1059 642 1136 Ecclesiae,
661 1059 787 1125 idcirco
805 1063 839 1124 in
860 1061 1022 1125 lemmate
1040 1060 1160 1125 ultimo
1179 1059 1274 1142 hujus
1293 1059 1435 1124 volumi·

316 1153 368 1216 nis
390 1152 434 1216 de
455 1151 618 1233 Mysten'o
638 1152 886 1234 Redemptrimtt
908 1157 1124 1236 transigetur,
1144 1157 1178 1218 in
1201 1176 1269 1238 quo
1290 1175 1434 1240 sequen·

317 1247 366 1312 tia
383 1246 468 1310 haec
488 1247 689 1310 evolvantur
707 1257 743 1310 et
762 1249 942 1312 mittentur
959 1250 994 1311 in
1013 1249 1123 1313 lucem
1135 1271 1188 1312 :-

548 1390 589 1459 (i.)
615 1389 820 1526 Ouxmipitamtio
831 1391 864 1446 uo
880 1393 999 1446 ioetilue
1010 1393 1047 1446 sit
1056 1409 1123 1462 quoe
1135 1393 1161 1446 in
1176 1393 1254 1447 Vetto
1268 1397 1375 1446 eooutur
1386 1391 1435 1446 ne-

537 1547 589 1619 (ii.)
615 1549 806 1668 cooeequznteo
816 1549 886 1618 puori
897 1550 1015 1604 iioeootio
1025 1565 1043 1604 o
1055 1551 1132 1604 motie
1143 1555 1172 1603 et
1181 1549 1274 1610 teieie:
1290 1565 1364 1630 quoe,
1376 1551 1436 1619 puio

647 1631 680 1670 ee
696 1631 722 1670 m
749 1631 798 1669 ono
808 1621 877 1674 eunt.
889 1617 1042 1686 epiritueiee
1057 1618 1148 1670 iroetee
1159 1622 1227 1677 eunt,
1240 1618 1360 1672 occidunt
1369 1617 1435 1670 enirn

645 1683 747 1736 onimoe
758 1683 829 1736 eicut
839 1685 974 1738 naturales
985 1684 1075 1738 ireetee
1088 1699 1204 1752 corpore.

530 1787 592 1858 (iii.)
616 1787 677 1844 lodo
697 1791 727 1842 tt
744 1789 850 1844 eridene
870 1791 939 1858 puori
955 1789 1066 1857 primum
1087 1789 1312 1858 Redemptionieo
1332 1789 1436 1844 Domine

644 1859 770 1924 pemetoo
787 1857 868 1908 tuerit
882 1855 1016 1923 eepomtio
1027 1857 1153 1909 motorum
1170 1872 1187 1909 o
1204 1856 1284 1914 tonie.
1296 1871 1330 1910 oe
1344 1857 1435 1910 boren

646 1921 757 1976 eieeotio
772 1923 809 1976 oti
825 1923 858 1976 Se
874 1923 900 1975 in
917 1925 1025 1982 ooetum.
1039 1927 1068 1975 et
1083 1925 1184 1975 iliorum
1202 1923 1310 1975 remotio
1325 1937 1344 1976 o
1361 1923 1394 1976 se
1409 1923 1435 1978 in

644 1987 783 2048 internum.
795 2005 854 2042 nom
866 1989 905 2042 eie
917 1989 1020 2042 iioeroti
1028 1994 1093 2042 eunt
1102 1989 1187 2042 ionio
1199 1989 1283 2042 motis.
1319 1988 1372 2042 iioo
1399 1989 1434 2042 ri·

645 2069 714 2108 mum
725 2053 914 2124 iterienrptieoie
924 2061 967 2108 eet
975 2055 1091 2107 liitimum
1100 2055 1230 2108 iudicium
1239 2056 1283 2124 (de
1292 2071 1342 2121 quo

646 2131 685 2172 est
697 2136 780 2188 supra,
792 2137 818 2172 n.
833 2123 934 2189 ro-13).

527 2215 587 2286 (it.)
612 2217 685 2274 0qu
698 2217 840 2270 eorundem
857 2215 1046 2296 Redemptionie
1063 2217 1144 2270 tuerit
1154 2217 1312 2270 minotio
1322 2216 1433 2270 enaim

640 2283 667 2336 io
678 2283 794 2342 caerleil
806 2289 834 2336 et
843 2284 1019 2338 eutroootootio
1031 2283 1141 2338 muium
1154 2284 1180 2336 ie
1191 2283 1300 2341 utorio.
1309 2299 1359 2352 per·
1369 2297 1434 2350 quoe

644 2351 728 2403 oditur
737 2349 884 2404 rtietiootiue
957 2349 1011 2402 reti
1021 2355 1049 2402 et
1059 2349 1162 2402 iiteeoti
1171 2353 1235 2402 eunt
1245 2349 1329 2402 ionio
1342 2349 1433 2407 mulie:

645 2421 673 2470 et
687 2417 736 2470 ltoo
747 2421 791 2469 eet
806 2415 903 2468 norum
952 2418 1020 2468 eiuro
1032 2421 1059 2470 et
1074 2415 1170 2468 norum
1183 2416 1314 2469 interm
1326 2417 1433 2484 (dequo

645 2481 729 2534 raum
741 2491 779 2533 est
790 2499 872 2548 supra,
884 2499 910 2533 u.
925 2484 1027 2549 14-17).

539 2573 588 2645 (t.)
613 2573 686 2631 (luori
700 2573 804 2626 tertium
821 2572 1011 2640 iierieorptionie
1028 2573 1110 2626 tuerit
1124 2573 1251 2628 meletio
1264 2573 1400 2628 reritotore
1416 2589 1433 2626 e

644 2641 714 2693 loeo
728 2640 812 2699 coeio,
823 2639 879 2692 et1¹¹
889 2639 948 2693 inde
957 2639 1127 2694 exsuscitatio
1137 2655 1170 2694 oo
1181 2640 1337 2694 inetourutio
1348 2641 1433 2694 novoe

644 2705 774 2760 fooieeioo
786 2705 812 2759 in
824 2705 910 2764 terrie.
918 2721 967 2774 per
975 2722 1042 2786 quoe
1053 2707 1138 2758 ionio
1150 2707 1227 2760 moiie
1236 2705 1346 2759 viteriue
1355 2722 1431 2785 eepo·

641 2774 696 2826 roti
705 2779 733 2826 et
742 2773 846 2826 liter-oti
854 2779 921 2832 eunt,
934 2778 963 2825 et
971 2789 997 2824 m
1013 2777 1147 2840 posterum
1157 2777 1315 2840 “ponetur
1325 2777 1354 2826 et
1369 2774 1431 2825 troe-

641 2844 740 2892 Μηίων.
766 2839 820 2907 (De
827 2839 876 2889 hoc
884 2839 957 2890 tertio
965 2840 1041 2888 etiarn
1049 2837 1132 2889 oc'tum
1140 2849 1178 2890 est
1185 2855 1268 2904 supra,
1276 2855 1301 2888 n.
1313 2837 1429 2906 rt-oout)

528 2943 587 3014 (ei.)
612 2943 684 3002 Quod
705 2959 786 2998 oeueo
806 2945 890 2997 ›inuiie
910 2943 1100 3011 Redemptionie
1121 2945 1201 2998 tuerit
1220 2945 1382 3012 poeeitiiitoe
1401 2949 1431 2998 ut

643 3011 765 3064 ttominue
777 3025 808 3064 ee
820 3009 909 3064 ututur
920 3026 971 3064 erro
983 3011 1162 3077 omnipotentio
1171 3017 1265 3078 poeeet
1275 3025 1431 3079 repeoemre

642 3077 774 3136 hominem,
791 3081 818 3129 et
833 3076 873 3130 eie
889 3079 1010 3134 enirm:
1027 3093 1086 3130 uum
1103 3075 1156 3130 niei
1169 3078 1245 3129 homo
1261 3083 1430 3145 reponeretur

641 3159 691 3196 non
700 3147 789 3211 poteet
798 3143 901 3196 enitori
910 3145 990 3211 (Μ.
1010 3144 1046 3194 iii.
1059 3144 1096 3210 3).

520 3249 587 3319 (eii.)
613 3247 685 3307 uuor
696 3249 861 3328 reponerotiou
874 3248 990 3328 hominio,
1003 3249 1062 3317 puio
1075 3253 1118 3328 eet
1127 3249 1299 3328 eepumtioet
1314 3249 1430 3302 iiiemtio

641 3318 747 3370 omoire
758 3321 787 3370 et
797 3318 882 3374 tatere.
895 3321 933 3370 eit
948 3315 1096 3382 Redemptio
1110 3317 1278 3383 porticuiorre
1288 3331 1306 3369 o
1318 3315 1428 3375 mene,

642 3383 757 3436 erietene
769 3397 801 3435 er
813 3381 992 3450 Redemptione
1004 3383 1133 3435 communi
1143 3382 1235 3450 ipeiue.

508 3487 586 3558 (eiii.)
612 3487 684 3544 uuor
700 3487 771 3553 oport
791 3486 849 3540 ittoe
886 3485 915 3538 ui
932 3491 1124 3555 reponerentur.
1143 3485 1255 3552 primum
1274 3491 1430 3552 eepeoeotur

642 3555 710 3606 mulo
727 3569 743 3606 o
761 3553 840 3610 ionie.
855 3503 885 3605 el
898 3553 946 3604 loo
963 3557 1006 3605 eet
1021 3553 1105 3605 eimiIe
1121 3553 1232 3612 iudicii:
1255 3553 1324 3620 quod
1336 3559 1429 3620 poeteo

642 3621 707 3673 tono
725 3619 877 3686 coitipontur·
894 3619 920 3670 in
941 3633 1018 3670 unum
1036 3633 1069 3671 oe
1087 3620 1128 3671 die
1161 3624 1256 3672 nentur·
1273 3620 1299 3671 in
1320 3621 1428 3672 torm

641 3687 788 3744 ooeieetem.
799 3690 826 3739 et
836 3687 884 3738 loc
892 3685 1026 3738 eeteimiie
1038 3685 1102 3738 iiori
1131 3685 1199 3744 oeli,-
1216 3690 1244 3738 et
1253 3686 1428 3752 quoddemuor

638 3768 688 3822 per
697 3753 746 3805 ltoe
756 3751 921 3820 implentetur
933 3757 960 3804 et
968 3751 1127 3818 producetur·
1139 3749 1209 3804 noro
1221 3751 1428 3818 tartesiacum

640 3817 768 3872 internum
776 3819 941 3875 eetooeium:
954 3823 1122 3870 eterternunr
1130 3817 1277 3877 eriotemo.
1285 3819 1321 3872 ito
1330 3823 1428 3870 utrun-

638 3899 689 3952 que
700 3885 780 3938 timui
789 3887 861 3952 opud
870 3885 1004 3944 hominem,
1018 3889 1061 3938 eet
1070 3885 1140 3953 quoti
1152 3890 1258 3938 roootur·
1270 3885 1394 3938 ternu«.

526 3989 584 4059 (tr.)
610 3989 682 4048 Ouori
696 4003 785 4042 omnee
800 3988 928 4055 redempti
941 3993 1010 4048 eunt,
1022 3993 1151 4056 puutenue
1168 4005 1257 4042 omnee
1274 3989 1320 4057 qui
1331 3989 1427 4058 peior-ie

640 4055 771 4110 tocieeine
783 4057 851 4108 iuteo
863 4055 988 4123 rejiciunt,
1002 4059 1029 4108 et
1044 4055 1131 4108 tome
1143 4055 1274 4109 Eoeteerire
1288 4071 1349 4108 vem
1361 4057 1426 4110 reci-

637 4123 718 4190 piunt.
732 4121 885 4190 reportaturi
897 4125 1025 4188 ponunt:
1042 4121 1092 4174 eod
1101 4121 1170 4188 puori
1186 4137 1267 4190 uepue
1283 4121 1428 4190 reponet-oti

638 4188 742 4257 proprie
753 4188 808 4241 eint
817 4187 950 4254 redempti.

532 4289 583 4362 (ι.)
608 4289 680 4409 old
685 4293 757 4408 'meto
770 4287 958 4356 Redemptiorie
970 4293 999 4342 et
1005 4289 1093 4356 primo
1102 4289 1292 4356 redemptorum
1302 4288 1339 4342 eit
1348 4289 1425 4356 epiri-

523 4450 583 4522 (11.)
608 4371 684 4510 aulul
694 4371 846 4517 lleltflelltptio
865 4449 940 4504 hodie
958 4449 1036 4503 etium
1054 4465 1071 4503 u
1091 4449 1195 4502 liomino
1214 4452 1285 4504 tutto
1302 4449 1347 4506 eit.
1366 4449 1425 4517 puin

637 4517 713 4572 lodie
720 4521 762 4571 eet
768 4516 898 4571 eeoumiue
906 4515 991 4583 ipeiue
998 4515 1127 4570 triventue
1131 4517 1208 4583 juxto
1215 4515 1424 4583 pruertiotionem‚

638 4599 671 4638 er
699 4599 739 4642 uo,
752 4583 811 4651 quio
823 4584 881 4650 ejue
893 4582 1006 4636 oouiorie
1023 4582 1101 4636 teetie
1118 4583 1163 4641 tui,
1177 4583 1209 4634 rte
1222 4581 1331 4635 veritote
1345 4595 1422 4652 proe-

638 4665 654 4704 o
686 4649 781 4704 ortium
793 4663 947 4703 mierum
959 4653 1048 4702 oei-tue
1061 4650 1147 4702 toetue
1157 4663 1225 4702 eum.
