3338 5300
745 660 920 711 oeRONIS.

653 974 717 1039 DE
741 973 1018 1042 MIRACULIS.

344 1198 426 1284 (55.)
460 1199 818 1284 (Exfilrislsraelis.)

344 1295 421 1374 (Ex
441 1293 579 1358 Domini
590 1295 711 1371 verbis,
727 1295 768 1358 de
780 1293 895 1358 Dione
906 1305 941 1358 ¹et
954 1295 1118 1378 Lazaro.)

344 1389 422 1468 (Ex
437 1389 576 1454 Domini
592 1389 712 1464 verbis,
728 1389 829 1452 Matr.
845 1390 940 1452 xxiv.
954 1406 1003 1469 24.
1005 1392 1024 1471 )

343 1483 396 1548 De
414 1485 582 1548 miraculis
598 1483 737 1566 Papaeis
755 1485 860 1566 (quae
874 1481 1280 1567 enumerentur).-Quod
1298 1484 1397 1550 unice

280 1578 456 1656 seducant,
484 1589 519 1644 et
545 1598 614 1643 non
639 1579 719 1661 quid
746 1579 904 1654 doceant,
928 1581 991 1642 nisi
1017 1589 1054 1644 ut
1080 1581 1281 1645 invocentur
1308 1579 1396 1644 sicut

281 1675 427 1750 numina,
447 1685 482 1737 et
500 1673 565 1738 hoc
588 1673 634 1736 ob
656 1672 756 1736 finem
774 1682 812 1735 ut
830 1693 946 1736 aurum
965 1683 1000 1738 et
1019 1683 1199 1756 argentum
1218 1671 1396 1738 conserant

280 1767 323 1830 ad
343 1769 559 1842 monasteria,
579 1787 636 1831 seu
655 1777 693 1830 ut
711 1767 892 1831 corradant
910 1769 1018 1832 totius
1037 1769 1154 1831 mundi
1172 1787 1284 1850 gazas.
1330 1767 1396 1830 Mi·

279 1861 394 1924 racula
422 1861 565 1944 plurium
597 1861 751 1940 illorum;
789 1871 827 1924 ut
857 1861 1002 1925 Antonii
1036 1862 1189 1941 Paduae;
1227 1871 1264 1926 ut
1293 1863 1396 1926 trium

281 1953 479 2037 Sapientum
510 1955 693 2034 Coloniae3
730 1965 767 2020 ut
796 1955 998 2019 miraculosa
1028 1957 1216 2033 simulacra,
1239 1957 1283 2020 ad
1309 1976 1397 2040 quae

280 2049 430 2114 thesauri
453 2047 599 2126 colleiti,
623 2050 730 2113 ubivis
750 2051 786 2112 in
813 2051 1037 2124 monasteriis,
1060 2051 1115 2114 ubi
1138 2051 1285 2134 parietes
1307 2052 1397 2116 inte·

189 2175 191 2182 ·
282 2153 407 2225 guntur
424 2141 561 2226 pidiuris
576 2144 812 2208 miraculorum
831 2165 851 2208 a
869 2145 936 2207 suis
953 2143 1092 2221 sanctis,
1112 2155 1148 2210 et
1171 2143 1304 2210 illorum
1323 2145 1397 2210 ido-

280 2239 340 2316 lis;
377 2247 413 2302 ut
444 2238 518 2301 libri
547 2239 590 2302 de
617 2239 784 2302 miraculis
811 2238 902 2302 Paris
926 2249 961 2303 et
987 2238 1137 2302 aliorum.
1190 2237 1279 2321 Quid
1306 2239 1397 2305 aliud

280 2351 381 2415 quam
393 2342 430 2396 ut
446 2334 644 2398 invocentur
656 2343 794 2416 propter
805 2332 906 2397 finem
921 2331 987 2416 [ut]
1001 2333 1140 2397 donaria
1152 2331 1397 2397 corradantur?

282 2426 350 2492 Sed
365 2428 438 2509 quis
454 2426 587 2490 illorum
606 2428 716 2491 adhuc
735 2428 851 2492 docuit
870 2429 959 2491 viam
978 2428 1022 2491 ad
1045 2427 1188 2503 caelum,
1208 2428 1291 2491 item
1310 2427 1397 2490 veri·

281 2531 372 2585 tates
397 2520 572 2585 Ecclesiae
595 2541 639 2585 ex
659 2519 799 2586 Verbo?
844 2521 1074 2602 Quamobrem
1097 2521 1224 2605 placuit
1247 2521 1400 2586 Domino

282 2635 481 2698 praeparare
496 2635 551 2679 me
564 2637 587 2678 a
601 2616 709 2698 prima
719 2615 897 2697 juventute
910 2617 955 2680 ad
972 2617 1222 2699 percipiendum
1233 2615 1395 2692 Verbum,

281 2707 342 2774 ¹¹¹et
358 2711 548 2774 introduxit
563 2711 596 2773 in
613 2711 774 2774 mundum
791 2711 1011 2794 spiritualem,
1029 2721 1064 2776 et
1084 2711 1209 2775 lumine
1225 2712 1275 2774 sui
1291 2710 1397 2775 Verbi

283 2805 419 2887 propius
441 2804 632 2869 illustravit.
680 2804 817 2870 Exinde
840 2816 937 2888 patet
960 2805 1050 2888 quod
1073 2805 1138 2870 hoc
1154 2805 1313 2869 omnibus
1336 2806 1397 2869 mi·

281 2897 403 2963 raculis
421 2909 582 2982 praestet.

346 2993 579 3059 Beelschebub
609 2995 688 3059 iecit
719 2994 879 3059 miracula
905 3015 985 3078 prae
1014 2995 1087 3059 aliis
1111 2995 1177 3058 diis
1203 2993 1397 3076 gentilibus.

282 3097 320 3153 ut
339 3099 435 3172 patet
453 3111 499 3154 ex
518 3089 638 3153 Veteri
657 3087 902 3166 Testamento;
926 3091 1029 3153 etiam
1048 3087 1165 3153 Simon
1185 3089 1317 3172 Magus.

349 3283 429 3368 (56.)
455 3283 556 3366 Quod
569 3283 736 3349 Dominus
744 3285 933 3350 naturalem
946 3285 1129 3350 Hominem
1138 3285 1174 3350 in
1184 3283 1229 3350 Se
1240 3285 1398 3350 Divinum

283 3380 410 3456 iecerit,
427 3391 566 3462 propter
580 3378 681 3443 finem
697 3391 734 3444 ut
750 3390 840 3444 esset
858 3379 985 3444 Primus
1001 3391 1036 3445 et
1055 3379 1217 3456 Ultimus,
1233 3391 1269 3445 et
1285 3381 1332 3444 sic
1348 3381 1399 3444 in·

283 3486 373 3539 trare
392 3475 498 3558 possit
518 3474 606 3558 apud
629 3475 783 3539 homines
802 3495 907 3558 usque
924 3477 958 3539 in
977 3475 1167 3541 naturalem
1185 3475 1318 3540 illorum
1337 3475 1399 3539 ho-

285 3570 420 3646 minem,
440 3579 476 3633 et
495 3569 588 3634 illum
607 3589 652 3633 ex
672 3569 789 3634 Verbo
807 3572 942 3646 docere,
962 3589 1001 3634 ac
1021 3571 1153 3636 ducere.
1199 3571 1399 3634 Resurrexit

284 3665 373 3729 enim
389 3683 465 3728 cum
481 3673 558 3729 toto
574 3665 720 3728 naturali
735 3685 795 3728 seu
811 3676 958 3729 externo
977 3665 1124 3741 homine,
1142 3685 1204 3729 nec
1221 3666 1399 3748 quicquam

284 3761 327 3824 de
340 3780 382 3823 eo
394 3759 526 3842 reliquit
538 3760 571 3822 in
585 3759 759 3842 sepulcro:
784 3781 886 3843 quare
903 3761 992 3824 dixit
1011 3761 1102 3844 quod
1118 3781 1196 3824 ossa
1211 3770 1247 3824 et
1263 3779 1399 3823 carnem

284 3855 437 3930 haberet,
465 3873 550 3937 quae
581 3874 648 3918 non
678 3855 813 3937 spiritus
843 3854 991 3934 habent;
1022 3863 1058 3918 et
1090 3853 1183 3937 [inde
1212 3853 1280 3938 est]
1309 3855 1400 3938 quod

285 3949 392 4013 ederit
411 3959 446 4013 et
465 3949 587 4012 biberit
610 3967 686 4013 cum
705 3948 881 4031 discipulis
899 3969 943 4013 ex
968 3950 1050 4013 cibis
1069 3949 1288 4026 naturalibus
1308 3961 1344 4014 et
1366 3950 1400 4013 in

285 4041 469 4127 conspectu
482 4043 626 4108 illorum.
665 4040 766 4125 Quod
786 4043 926 4107 Divinus
942 4043 1049 4119 suerit,
1067 4043 1218 4108 ostendit
1234 4064 1294 4126 per
1309 4043 1401 4127 quod

284 4138 456 4202 transierit
468 4137 597 4221 januas,
614 4147 650 4202 et
666 4137 841 4202 invisibilis
857 4135 974 4214 sacius,
992 4138 1082 4221 quod
1101 4136 1171 4202 lieri
1188 4157 1400 4222 nequaquam

284 4233 396 4316 potuit
413 4233 475 4296 nisi
493 4233 564 4316 ipse
579 4231 742 4296 naturalis
763 4231 878 4296 Homo
897 4233 1000 4296 etiam
1015 4233 1105 4316 apud
1125 4233 1240 4316 Ipsum
1259 4231 1400 4298 Divinus

282 4325 391 4392 faetus
409 4329 464 4392 sit.

349 4519 431 4605 (57.)
463 4518 564 4604 Quod
580 4521 693 4586 omnia
705 4541 791 4606 quae
805 4521 849 4586 ab
862 4520 1064 4586 orthodoxis
1076 4521 1233 4587 dicuntur
1242 4519 1345 4586 bodie
1356 4521 1400 4586 de

285 4614 427 4700 Spiritus
444 4613 560 4682 saneti
578 4617 737 4682 missione
752 4616 888 4694 cadant,
905 4617 985 4680 dum
1004 4617 1108 4681 scitur
1123 4615 1213 4701 quod
1232 4616 1399 4682 Dominus
