3338 5300
388 739 438 790 uu
461 737 630 790 saecuto
653 737 860 789 nncsnrso
883 737 1225 789 manasserus-u.
1243 742 1295 805 44.
1364 740 1378 808 5
1386 741 1400 808 5

344 925 416 995 44.
447 907 584 973 Didium
603 917 657 973 est
680 908 771 992 quod
790 929 834 972 ex
854 907 987 992 populis
1005 907 1149 990 cujusvis
1168 907 1345 973 Ecclesiae
1368 911 1401 973 in

282 1001 347 1068 fine
374 1003 444 1085 ejus
466 1001 591 1068 sadium
615 1004 658 1067 sit
686 1023 811 1066 novum
835 1001 975 1068 Caelum
999 1013 1034 1067 et
1062 1023 1187 1068 novum
1211 1003 1401 1082 Infernum;

282 1109 317 1162 et
343 1101 421 1182 quia
446 1099 481 1162 in
505 1098 668 1162 lemmate
690 1099 919 1181 praecedente
942 1098 985 1162 de
1009 1097 1115 1162 Caelo
1137 1108 1173 1162 et
1197 1098 1333 1162 Inlerno
1357 1121 1401 1163 ex

282 1192 346 1256 illis
376 1194 432 1276 qui
462 1194 505 1257 ab
532 1192 782 1276 Antiquissima
811 1191 969 1256 Ecclesia
998 1192 1141 1268 suerunt,
1173 1195 1402 1272 narrationem

281 1288 381 1364 edidi,
396 1288 479 1352 libet
495 1289 599 1354 etiam
615 1289 657 1351 de
674 1287 745 1368 his;
768 1287 812 1352 ad
827 1287 892 1352 hoc
906 1288 996 1351 enim
1009 1287 1090 1352 mihi
1106 1288 1206 1352 datus
1219 1297 1271 1352 est
1285 1309 1402 1355 acces·
1498 1373 1500 1380 .

282 1403 348 1457 sus,
368 1385 527 1466 quoniam
547 1383 664 1446 datum
684 1391 736 1446 est
756 1382 918 1444 mundum
937 1381 1146 1465 spiritualem
1169 1384 1345 1464 pervagari
1368 1394 1403 1446 et

283 1477 435 1554 lustrare,
455 1487 594 1560 propter
612 1476 714 1540 finem
734 1473 803 1540 ne¹¹¹
819 1475 976 1540 Ecclesia
995 1476 1094 1540 Nova
1112 1496 1191 1540 vere
1210 1475 1403 1540 Christiana

281 1571 325 1636 sit
348 1573 382 1636 in
405 1571 551 1654 caligine
574 1571 616 1636 de
640 1570 746 1635 Caelo
768 1580 804 1634 et
828 1570 974 1648 Inierno,
994 1569 1103 1655 deque
1125 1581 1218 1634 sorte
1241 1592 1301 1634 sua
1323 1583 1402 1655 post

282 1675 438 1740 mortem,
459 1667 645 1730 secundum
664 1664 741 1730 at'ta
758 1666 850 1729 vitae
869 1685 959 1729 suae.
1004 1664 1090 1730 Sunt
1110 1667 1193 1729 haec
1211 1687 1344 1749 quoque
1368 1669 1401 1730 in

282 1760 445 1844 opusculo
458 1761 499 1824 de
512 1760 639 1823 Amore
653 1758 845 1844 Coryirgaizli
859 1758 906 1844 (n.
918 1759 986 1844 76).
1024 1761 1076 1824 De
1090 1760 1196 1825 Caelo
1212 1781 1257 1824 ex
1273 1761 1339 1824 illis
1351 1783 1404 1824 :-

335 1938 351 1960 ‘⁴
360 1929 452 1985 Venit
465 1931 502 1984 ad
518 1947 565 1986 me
578 1930 703 2002 angelus
716 1941 747 1986 et
760 1930 845 1993 dixit,
856 1929 926 1985 ‘Vis
939 1939 973 1998 ut
982 1931 1109 1986 comiter
1117 1941 1148 1986 te
1161 1932 1198 1986 ad
1213 1933 1340 2002 populos
1351 1935 1402 2004 qui

283 2002 312 2055 in
326 2000 413 2056 Aevo
426 2018 478 2056 seu
493 2000 619 2058 Saeculo
630 2001 784 2072 Argenteo
793 2002 940 2064 vixerunt,
950 2012 984 2056 ut
995 2019 1033 2058 ex
1048 2003 1104 2058 illis
1117 2003 1273 2060 audiamus
1286 2006 1323 2059 de
1337 2005 1403 2059 illo·

282 2089 347 2126 rum
361 2073 506 2142 temporis
520 2073 652 2127 moribus
666 2082 698 2126 et
710 2069 808 2126 vital¹1'
847 2071 884 2126 Et
898 2072 994 2143 inquit
1007 2074 1088 2144 quod
1109 2089 1169 2128 non
1188 2073 1333 2130 adeantur
1346 2075 1402 2132 nisi

282 2159 319 2198 ex
331 2143 465 2212 auspicio
479 2142 611 2198 Domini.

336 2211 468 2268 “Factus
481 2229 548 2268 sum
568 2214 597 2268 in
617 2213 732 2284 spiritu,
746 2229 781 2268 ac
797 2213 958 2268 comitatus
971 2230 1037 2268 sum
1051 2214 1157 2268 ducem
1173 2231 1280 2278 meum,
1294 2227 1325 2272 et
1344 2216 1402 2286 pri-

283 2299 365 2338 mum
387 2284 425 2338 ad
448 2284 555 2338 collem
580 2285 610 2338 in
632 2284 764 2338 confinio
786 2283 910 2338 orientis
928 2301 997 2338 cum
1017 2285 1155 2346 meridie:
1178 2295 1295 2340 etcum
1315 2301 1404 2356 super

284 2355 335 2410 illo
347 2355 426 2410 clivo
444 2370 570 2418 eramus,
584 2355 717 2410 ostendit
737 2354 810 2408 mihi
830 2370 968 2426 magnam
987 2355 1193 2410 extensionem
1213 2354 1325 2414 tradus
1344 2369 1403 2414 ter·

283 2441 339 2488 rae,
363 2435 394 2480 et
416 2425 548 2480 vidimus
570 2425 673 2496 procul
695 2424 887 2482 eminentiam
910 2425 987 2480 sicut
1010 2436 1191 2488 montanam,
1214 2425 1292 2482 inter
1312 2443 1402 2498 quarn

283 2506 313 2550 et
323 2496 430 2551 collem
444 2511 533 2566 super
545 2511 606 2566 quo
616 2495 754 2550 stetimus
767 2505 832 2550 erat
844 2495 937 2558 vallis,
948 2507 979 2552 et
992 2507 1061 2566 post
1074 2497 1152 2551 hanc
1165 2496 1310 2567 planities,
1321 2508 1353 2552 et
1365 2500 1402 2554 ab

283 2567 339 2621 hac
351 2567 503 2622 acclivitas
517 2567 597 2621 lente
610 2582 743 2637 surgens.

337 2635 1403 2702 '‘Descendimusecollstransiturivallem,etvidimusalateribushicet

284 2707 550 2779 illiclignaetsaxa
559 2707 588 2762 in
597 2707 706 2778 figuras
715 2708 880 2770 hominum,
890 2709 1075 2764 etvariarum
1084 2709 1254 2774 bestiarum,
1263 2709 1362 2764 avium
1372 2721 1403 2764 et

283 2778 408 2848 piscium
422 2779 546 2848 sculpta
585 2777 623 2832 Et
632 2778 765 2848 quaesivi
778 2777 1033 2850 angelum,¹Quid
1047 2777 1115 2834 illa?
1152 2778 1268 2834 Suntne
1282 2779 1390 2842 idolai'

337 2857 352 2879 ¹·
362 2849 399 2904 Et
410 2849 572 2919 respondit,
584 2849 724 2904 ‘Prorsus
734 2864 808 2911 non:
822 2860 892 2904 sunt
902 2847 1095 2921 figurationes
1105 2849 1342 2920 repraesentivae
1352 2867 1403 2906 va-

283 2919 391 2974 riarum
404 2919 549 2974 virtutum
562 2919 720 2980 moralium
733 2929 763 2974 et
773 2919 933 2976 veritatum
947 2937 961 2975 s
984 2919 1163 2976 iritualium!
1201 2919 1309 2976 Fuerat
1321 2923 1401 2991 apud

283 2990 410 3074 populos
424 2990 502 3045 illius
521 2990 627 3046 aetatis
646 2989 771 3044 scientia
789 3006 950 3060 correspon
973 2991 1135 3055 entiarum;
1160 3001 1192 3046 et
1210 2991 1280 3062 quia
1299 2992 1398 3052 bestia.

265 3103 268 3110 .
282 3076 353 3122 avis,
368 3061 456 3132 piscis
469 3061 684 3144 correspondet
696 3060 784 3126 alicui
797 3061 942 3144 qualitati,
953 3061 1021 3116 ideo
1031 3062 1254 3133 unumquodvis
1264 3063 1400 3132 sculptile

283 3142 486 3202 repraesentat
505 3141 536 3186 et
554 3131 704 3203 significat
721 3131 834 3203 aliquid
847 3132 999 3203 singulare
1012 3132 1131 3188 virtutis
1144 3143 1196 3187 aut
1214 3133 1357 3196 veritatis,
1371 3143 1402 3190 et

283 3202 368 3272 plura
380 3202 468 3257 simul
488 3202 582 3273 ipsam
595 3203 738 3256 virtutem
752 3213 804 3257 aut
817 3202 973 3258 veritatem
993 3203 1024 3257 in
1042 3203 1171 3273 quadam
1185 3205 1337 3258 communi
1351 3221 1401 3259 ex·

283 3283 368 3328 tensa
381 3271 492 3336 iorma;
511 3283 581 3328 sunt
595 3273 645 3328 illa
657 3289 735 3344 quae
748 3273 778 3327 in
792 3272 933 3344 Aegypto
945 3283 1052 3328 vocata
1064 3283 1134 3328 sunt
1147 3275 1376 3345 hieroglyphica.

336 3343 548 3399 “Perreximus
562 3360 614 3414 per
627 3345 751 3406 vallem;
773 3353 803 3398 et
822 3345 894 3398 dum
912 3345 1086 3400 intravimus
1100 3344 1263 3415 planitiem,
1277 3361 1345 3400 ecce
1359 3347 1402 3399 vi·

283 3413 382 3470 dimus
394 3429 488 3485 equos
500 3425 532 3469 et
541 3431 658 3476 currus:
678 3431 772 3485 equos
781 3415 862 3470 varie
876 3414 1045 3485 phaleratos
1055 3425 1086 3470 et
1095 3415 1280 3485 capistratos,
1291 3432 1326 3470 ac
1335 3432 1401 3470 cur-

283 3501 333 3540 rus
345 3483 574 3546 diversiiormes,
587 3485 732 3556 quosdam
747 3486 925 3556 exsculptos,
938 3487 1017 3542 sicut
1028 3487 1150 3556 aquilas.
1164 3487 1310 3610 quosdam
1324 3487 1402 3542 sicut

283 3555 448 3619 unicornes
459 3555 604 3626 quosdam
615 3556 693 3611 sicut
702 3556 856 3620 balaenas;
872 3566 903 3610 et
912 3572 1033 3628 quoque
1044 3557 1073 3611 in
1085 3556 1143 3612 tine
1153 3573 1170 3611 a
1183 3557 1251 3627 iqua
1262 3557 1400 3628 plaustra,

282 3635 314 3680 et
326 3626 438 3682 circum
457 3627 495 3681 ad
514 3627 608 3682 latera
625 3627 751 3682 stabula.
788 3627 832 3682 At
843 3643 911 3682 curn
930 3627 1243 3711 appropinquavimus,
1256 3639 1317 3682 tarn
1332 3629 1403 3698 equi

283 3711 372 3768 quam
381 3713 483 3751 currus
490 3697 631 3820 disparati
640 3707 718 3760 sunt,
727 3707 758 3752 et
766 3714 820 3767 pro
830 3697 887 3752 illis
894 3697 1025 3752 vidimus
1036 3697 1172 3753 homines
1183 3699 1264 3768 paria
1271 3709 1301 3753 et
1311 3699 1400 3768 paria,

283 3767 477 3829 ambulantes,
493 3767 698 3838 coloquentes
717 3779 748 3822 et
767 3768 987 3824 ratiocinantes.
1025 3768 1063 3822 Et
1081 3767 1158 3822 dixit
1176 3769 1249 3822 mihi
1268 3769 1399 3840 angelus,

284 3835 418 3908 ‘Species
431 3853 585 3908 equorum,
599 3853 747 3900 curruum,
761 3849 792 3893 et
805 3839 999 3901 stabulorum,
1012 3855 1029 3894 e
1048 3839 1214 3910 longinquo
1226 3839 1315 3901 visae,
1330 3849 1400 3894 sunt

283 3909 473 3979 apparentiae
482 3908 634 3963 rationalis
644 3909 858 3980 intelligentiae
869 3909 1024 3964 hominum
1036 3909 1113 3964 illius
1122 3908 1212 3971 Aevi;
1224 3926 1311 3978 equus
1320 3909 1399 3963 enim

283 3993 320 4032 ex
344 3978 611 4050 correspondentia
633 3978 784 4049 significat
806 3978 991 4034 intelletlum
1012 3980 1084 4042 veri,
1106 3996 1213 4034 currus
1233 3977 1399 4034 dotlrinam

282 4050 356 4119 ejus,
366 4065 401 4104 ac
413 4049 526 4103 stabula
540 4049 605 4103 loca
616 4047 827 4104 instructionis.
865 4049 952 4105 Nosti
963 4051 1044 4120 quod
1057 4049 1159 4105 omnia
1172 4050 1201 4104 in
1215 4049 1273 4104 hoc
1286 4051 1400 4104 mundo

282 4121 446 4174 secundum
460 4119 739 4190 correspondentias
751 4121 931 4191 appareant.¹

337 4189 420 4245 “Sed
434 4191 659 4260 praeterivimus
673 4190 755 4254 haec,
768 4201 799 4246 et
818 4207 871 4261 per
883 4191 1027 4246 acclivum
1040 4191 1239 4246 ascendimus.
1278 4190 1316 4244 Et
1333 4201 1399 4245 tan·

283 4259 351 4314 dem
364 4261 495 4315 vidimus
508 4262 622 4323 urbem,
635 4277 726 4331 quam
740 4262 932 4326 intravimus3
957 4271 988 4316 et
1008 4261 1037 4316 in
1052 4263 1251 4332 pervadendo,
1262 4277 1280 4316 e
1292 4261 1399 4331 plateis

282 4341 313 4385 et
326 4331 398 4386 loris
408 4331 598 4386 lustravimus
611 4332 676 4402 ejus
686 4332 801 4387 domos.
840 4331 874 4386 ln
886 4332 986 4388 medio
995 4333 1060 4403 ejus
1070 4342 1154 4387 erant
1167 4332 1278 4402 palatia
1286 4329 1400 4387 struas

283 4417 320 4455 ex
333 4418 494 4464 marmore:
516 4409 587 4457 ante
600 4402 651 4456 illa
663 4412 748 4457 erant
760 4403 870 4474 gradrm
882 4419 920 4458 ex
931 4403 1088 4465 alabastro,
1102 4412 1133 4457 et
1151 4402 1211 4472 [ad]
1230 4403 1323 4457 latera
1335 4419 1399 4485 gra-

282 4472 375 4526 duum
397 4473 555 4528 columnae
577 4488 614 4527 ex
635 4473 760 4556 jaspide.
802 4472 940 4528 Vidimus
961 4473 1052 4529 etiam
1074 4473 1186 4544 templa
1207 4489 1245 4528 ex
1266 4483 1399 4543 pretioso

282 4543 389 4613 lapide,
408 4543 518 4598 coloris
537 4543 701 4627 sapphirini
720 4553 752 4598 et
770 4543 887 4600 laaurei.
926 4543 963 4598 lit
982 4544 1059 4598 dixit
1078 4545 1150 4598 mihi
1169 4544 1302 4615 angelus,
1322 4543 1399 4598 ‘Do-

283 4629 349 4669 mus
362 4614 419 4669 illis
433 4631 469 4669 ex
489 4615 637 4686 lapidibus
649 4623 729 4676 sunt,
742 4615 813 4685 quia
824 4613 937 4684 lapides
948 4614 1119 4686 significant
1127 4615 1269 4670 veritates
1282 4623 1399 4670 natura·

282 4683 332 4747 les,
346 4694 377 4740 et
394 4685 507 4756 lapides
518 4686 647 4756 pretr'osr'
656 4685 796 4741 veritates
808 4685 992 4756 spiritualest
1019 4697 1051 4741 et
1063 4686 1203 4742 omnibus
1222 4685 1279 4740 illis
1297 4685 1348 4756 qui
1368 4685 1398 4740 in
