3322 5298
691 712 742 764 oa
764 711 1050 796 nannumroua.
1391 712 1430 780 37

375 895 403 963 7.
432 879 533 962 Quod
546 879 592 956 hi,
606 882 683 965 quia
696 881 784 946 tales
797 891 887 957 sunt,
898 891 1064 965 perpetuo
1076 891 1244 946 conentur
1255 882 1430 946 destruere

473 983 478 992 '
521 974 655 1040 caelum
667 976 758 1058 quod
773 996 874 1059 supra
889 975 966 1040 illos
982 985 1035 1040 est
1049 997 1056 1056 ;
1079 977 1170 1060 quod
1187 977 1290 1040 etiam
1303 977 1430 1040 iaciunt

520 1089 581 1153 per
592 1071 738 1135 astutias
750 1092 796 1135 ex
812 1071 954 1148 inferno,
968 1089 1045 1135 cum
1061 1091 1129 1154 quo
1141 1071 1254 1154 quoad
1270 1072 1431 1134 interiora

521 1186 582 1228 sua
601 1185 704 1230 unum
723 1166 860 1231 iaciunt.

374 1260 403 1324 8.
435 1257 520 1324 Inde
542 1269 596 1324 est
612 1260 703 1343 quod
727 1261 760 1324 in
783 1260 850 1326 fine
872 1259 1039 1325 ecclesiae
1061 1261 1166 1326 etiam
1189 1259 1322 1344 angelis
1344 1260 1431 1326 caeli

521 1353 699 1418 immineat
716 1354 875 1418 interitus
890 1365 926 1420 et
942 1355 1021 1419 inde
1037 1355 1224 1419 damnatio.

373 1464 404 1530 9.
435 1447 537 1530 Quod
556 1449 619 1512 nisi
638 1457 719 1514 tunc
740 1449 902 1532 judicium
921 1448 991 1526 fiat,
1011 1451 1123 1515 nullus
1146 1451 1252 1515 homo
1274 1451 1308 1514 in
1331 1451 1430 1514 terris

521 1545 673 1625 potuerit
692 1544 826 1620 salvari,
844 1564 906 1608 nec
923 1545 1044 1628 aliquis
1062 1545 1206 1627 angelus
1221 1547 1255 1610 in
1274 1543 1377 1609 caelis
1396 1545 1430 1608 in

522 1636 633 1702 salute
652 1659 713 1702 sua
731 1639 926 1704 subsistere.

675 2153 836 2221 CAPUT
869 2153 1078 2221 SEXTUM.

314 2389 427 2472 Quor>
448 2389 633 2473 anovnn
657 2389 771 2466 Deus
795 2403 866 2456 ean
888 2389 1112 2456 onnuruu
1139 2405 1239 2458 suun
1267 2407 1308 2456 ru
1331 2407 1432 2458 muu-

440 2499 535 2562 ουκ,
563 2497 746 2550 rornnuu
777 2499 898 2550 runnu
929 2499 1221 2552 onuunnounn
1250 2501 1432 2554 susanna·

439 2593 524 2658 n1r;
548 2593 597 2644 ar
615 2593 687 2644 eun
710 2593 1011 2656 1n‚non1uns1u
1030 2595 1167 2648 TERRls
1189 2595 1238 2646 Ετ
1257 2595 1432 2647 nuouuos

439 2687 480 2739 ru
503 2687 638 2739 cneus
661 2688 896 2740 uenenum.

380 2875 406 2924 1.
437 2857 539 2942 Quod
566 2858 645 2942 Ipse
669 2857 826 2942 Jehovah
854 2859 947 2924 Deus
974 2859 1008 2924 in
1035 2859 1198 2924 mundum
1221 2861 1364 2954 venerit,
1388 2861 1432 2924 ad

524 2953 736 3018 liberandum
752 2953 908 3018 homines
926 2963 962 3018 et
981 2954 1125 3038 angelos
1141 2955 1185 3020 ab
1202 2955 1330 3019 insultu
1348 2966 1384 3020 et
1400 2956 1433 3020 vi

524 3047 654 3123 inferni,
672 3056 708 3112 et
727 3047 774 3112 sic
792 3043 813 3112 a
831 3047 1063 3114 damnatione.

377 3159 407 3208 2.
439 3139 542 3224 Quod
561 3142 595 3206 id
613 3142 731 3206 iecerit
750 3161 810 3224 per
828 3161 962 3224 pugnas
981 3152 1103 3206 contra
1125 3142 1302 3217 infernum,
1319 3151 1356 3207 et
1374 3163 1434 3226 per

525 3233 683 3300 vidtorias
695 3255 796 3318 super
807 3235 912 3314 illud;
935 3245 971 3300 et
984 3237 1075 3320 quod
1091 3235 1174 3300 illud
1191 3235 1432 3318 subjugaverit,

525 3331 559 3394 in
582 3330 735 3394 ordinem
753 3329 935 3412 redegerit,
955 3341 991 3395 et
1015 3351 1095 3394 suae
1118 3331 1335 3396 obedientiae
1354 3332 1433 3396 sub-

525 3426 665 3490 miserit.

339 3541 345 3560 ·
379 3537 407 3604 3.
438 3519 540 3602 Quod
569 3520 674 3584 etiarn
703 3527 784 3602 post
811 3518 876 3582 hoc
897 3517 1059 3600 judicium
1084 3519 1261 3594 creaverit,
1279 3520 1344 3584 hoc
1367 3532 1432 3596 est,

526 3613 734 3690 sormaverit,
758 3632 885 3678 novum
908 3612 1053 3690 caelum,
1077 3623 1113 3678 et
1136 3634 1196 3698 per
1218 3613 1284 3678 hoc
1309 3635 1434 3679 novam

526 3707 718 3772 ecclesiam.

376 3821 407 3884 4
441 3801 543 3886 Quod
563 3823 622 3886 per
637 3802 695 3866 illa
708 3802 864 3885 Jehovah
877 3801 969 3866 Deus
986 3800 1030 3868 Se
1046 3803 1175 3868 miserit
1190 3803 1225 3866 in
1241 3804 1434 3886 potentiam

525 3897 680 3962 salvandi
696 3898 887 3980 omnesqui
905 3897 1049 3961 credunt
1068 3897 1102 3961 in
1119 3897 1235 3980 Ipsum
1252 3908 1288 3962 et
1308 3897 1435 3962 iaciunt

526 4001 711 4076 praecepta
730 3991 849 4075 ipsius.

381 4101 408 4169 5.
438 4084 542 4168 Quod
570 4087 618 4150 sic
648 4087 830 4152 redemerit
858 4105 978 4150 omnes
1007 4087 1041 4150 in
1066 4086 1223 4152 universo
1246 4085 1375 4150 mundo
1398 4097 1433 4150 et

526 4201 646 4248 omnes
664 4183 698 4246 in
718 4181 875 4246 universo
891 4180 998 4246 caelo.

376 4275 408 4341 6.
439 4275 542 4359 Quod
569 4276 635 4340 hoc
665 4277 710 4340 sit
737 4275 965 4358 Evangelium
992 4277 1083 4360 quod
1106 4275 1206 4359 jussit
1233 4285 1271 4340 ut
1297 4276 1331 4340 in
1357 4285 1434 4340 toto

525 4380 692 4435 terrarum
710 4371 792 4436 orbe
811 4371 1073 4453 praedicaretur.

377 4479 408 4548 7.
446 4462 548 4548 Quod
560 4465 625 4530 hoc
640 4464 867 4548 Evangelium
880 4466 924 4530 sit
937 4465 1192 4548 paenitentibus
1204 4486 1212 4544 ;
1236 4483 1305 4528 non
1318 4473 1433 4528 autem

526 4559 592 4624 illis
610 4561 666 4644 qui
681 4581 726 4626 ex
743 4561 920 4644 proposito
935 4559 1232 4642 transgrediuntur
1247 4569 1434 4642 praecepta

526 4653 646 4740 Ipsius.
