3352 5298
636 714 688 768 DE
710 715 816 769 Nova
839 715 1114 772 HIEROSOLYMA

836 1151 918 1252 [fx-l

634 1395 709 1472 ns
741 1349 1111 1476 couscmmm.

308 1763 390 1818 ¹3⁰·

314 1814 737 2090 CONSCIENTIA
754 1819 919 1886 formatur
927 1819 1020 1904 apud
1035 1820 1209 1886 hominem
1224 1842 1270 1886 ex
1289 1821 1427 1904 religio·

469 1932 508 1977 so
534 1914 568 1977 in
591 1935 658 1997 quo
681 1923 745 1992 est,
771 1915 957 1979 secundum
983 1917 1216 1998 receptionem
1239 1915 1309 1998 ejus
1335 1917 1426 1980 intus

469 2029 502 2072 m
518 2029 565 2073 se.

511 2124 603 2192 131·
633 2106 853 2172 Conscientia
870 2108 961 2191 apud
983 2107 1157 2173 hominem
1176 2107 1344 2174 ecclesiae
1359 2109 1426 2174 lor-

308 2211 422 2266 matur
444 2221 503 2284 per
521 2221 601 2266 vera
623 2199 702 2266 fidei
725 2223 769 2265 ex
790 2201 917 2277 Verbo,
938 2211 997 2266 aut
1017 2223 1062 2265 ex
1086 2201 1242 2267 doctrina
1260 2225 1279 2269 e
1298 2202 1424 2279 Verbo,

308 2297 494 2362 secundum
513 2297 746 2379 receptionem
761 2295 897 2361 illorum
915 2297 950 2360 in
973 2297 1096 2376 corde;
1120 2317 1200 2361 nam
1222 2317 1299 2362 cum
1323 2298 1427 2362 homo

308 2392 373 2456 scit
389 2412 469 2456 vera
487 2390 575 2467 fidei,
595 2400 631 2456 et
649 2391 741 2472 capit
761 2389 820 2453 illa
838 2410 900 2454 suo
915 2389 1031 2466 modo,
1053 2411 1093 2454 ac
1112 2392 1191 2454 dein
1210 2392 1285 2456 vult
1302 2392 1371 2469 illa,
1391 2402 1427 2458 et

308 2486 389 2550 lacit
409 2486 577 2560 illa.tunc
597 2483 684 2548 litei
708 2485 938 2548 conscientia:
963 2485 1117 2568 receptio
1139 2486 1172 2548 in
1196 2485 1299 2550 corde
1317 2495 1371 2551 est
1394 2487 1427 2550 in

307 2581 499 2656 voluntate,
524 2598 603 2642 nam
626 2578 788 2642 voluntas
818 2577 965 2642 hominis
992 2589 1045 2642 est
1072 2599 1159 2662 quae
1187 2589 1332 2644 vocatur
1358 2599 1426 2644 cor.

309 2676 393 2740 Inde
421 2684 485 2749 est,
517 2673 608 2756 quod
637 2673 685 2736 illi
713 2673 770 2755 qui
799 2673 1046 2736 conscientiam
1076 2675 1217 2748 habent,
1249 2694 1294 2738 ex
1324 2675 1427 2739 corde

308 2771 491 2853 loquantur
504 2787 590 2850 quae
604 2766 797 2850 loquuntur,
811 2775 846 2832 et
862 2788 908 2832 ex
921 2765 1025 2832 corde
1038 2767 1163 2831 saciant
1177 2789 1263 2851 quae
1279 2769 1425 2832 iaciunt:

224 2885 229 2894 ·
307 2865 437 2929 habent
455 2864 559 2927 etiam
578 2860 627 2925 illi
646 2871 798 2926 mentem
818 2881 886 2925 non
905 2863 1069 2942 divisam;
1094 2882 1173 2926 nam
1189 2864 1375 2927 secundum
1394 2863 1427 2926 id

308 2959 399 3042 quod
417 2956 615 3038 intelligunt
633 2965 669 3020 et
688 2956 832 3020 credunt
849 2975 966 3020 verum
985 2965 1020 3020 et
1040 2957 1167 3020 bonum
1186 2978 1272 3033 esse,
1290 2957 1430 3021 iaciunt:

367 3067 460 3136 132·
488 3051 712 3116 Conscientia
729 3051 911 3134 perfectior
928 3061 1046 3135 potest
1064 3053 1138 3116 dari
1160 3053 1252 3136 apud
1273 3053 1352 3118 illos
1370 3053 1427 3138 qui

308 3147 342 3211 in
361 3147 448 3210 veris
467 3143 544 3209 fidei
564 3144 724 3208 illustrati
743 3154 823 3208 sunt
842 3165 924 3228 prae
942 3146 1027 3222 aliis,
1048 3155 1084 3210 et
1107 3147 1163 3230 qui
1181 3147 1214 3210 in
1234 3145 1327 3211 clara
1350 3167 1426 3230 per·

308 3241 467 3324 ceptione
486 3249 565 3304 sunt
584 3258 663 3321 prae
682 3238 768 3314 aliis,
788 3259 890 3322 quam
912 3241 1003 3323 apud
1021 3239 1099 3304 illos
1118 3241 1174 3323 qui
1198 3241 1308 3306 minus
1331 3241 1426 3306 illus·

308 3334 389 3398 trati
408 3343 498 3408 sunt,
516 3343 552 3396 et
571 3333 604 3395 in
624 3333 769 3396 obscura
788 3335 1009 3416 perceptione
1027 3345 1117 3398 sunt.

367 3444 462 3512 133·
491 3429 531 3492 ln
543 3449 625 3492 vera
640 3429 853 3492 conscientia
868 3439 922 3492 est
938 3429 1012 3510 ipsa
1027 3431 1099 3492 vita
1114 3429 1299 3512 spiritualis
1314 3431 1426 3495 homi-

308 3523 370 3598 nis,
388 3533 441 3586 est
460 3521 549 3584 enim
568 3521 613 3584 ibi
632 3519 703 3602 ejus
719 3519 803 3584 fides
819 3518 1000 3602 conjuncta
1016 3521 1196 3600 charitati;
1220 3531 1429 3606 quapropter

307 3617 417 3680 iacere
436 3636 480 3680 ex
500 3615 710 3680 conscientia
729 3625 782 3679 est
802 3613 868 3678 illis
887 3615 997 3678 lacere
1016 3635 1060 3678 ex
1079 3616 1151 3679 vita
1169 3635 1230 3678 sua
1248 3615 1425 3698 spirituali,

307 3721 343 3775 et
361 3709 472 3775 facere
491 3719 612 3774 contra
630 3710 877 3773 conscientiam
896 3719 951 3773 est
970 3709 1036 3773 illis
1055 3710 1165 3774 iacere
1189 3719 1310 3774 contra
1332 3711 1427 3776 illam

307 3823 402 3868 suam
419 3805 536 3868 vitam.
582 3803 667 3866 Inde
685 3812 739 3866 est
755 3803 846 3885 quod
864 3803 898 3865 in
918 3803 1168 3886 tranquillitate
1184 3805 1277 3887 pacis
1293 3807 1372 3880 sint,
1389 3815 1425 3870 et

306 3900 340 3962 in
353 3899 566 3963 beatitudine
579 3897 723 3973 interna,
737 3917 815 3961 cum
827 3897 954 3962 faciunt
966 3899 1153 3962 secundum
1166 3900 1424 3974 conscientiam,

306 4013 347 4058 ac
370 3994 403 4056 in
427 3991 712 4075 intranquillitate
735 4000 771 4056 et
790 3992 909 4056 dolore
928 4011 1005 4056 cum
1024 3992 1151 4056 faciunt
1170 4002 1293 4056 contra
1311 3991 1424 4056 illam:

306 4087 361 4151 hic
381 4086 479 4151 dolor
498 4097 551 4151 est
570 4087 626 4169 qui
645 4095 789 4150 vocatur
807 4105 939 4150 morsus
957 4087 1199 4150 conscientiae.

366 4197 462 4266 134.
490 4181 555 4246 Est
574 4183 704 4244 homini
722 4180 937 4246 conscientia
955 4181 1037 4244 boni
1054 4191 1090 4243 et
1106 4182 1320 4245 conscientia
1331 4181 1425 4264 justi.

307 4275 526 4342 Conscientia
538 4275 619 4338 boni
636 4283 689 4338 est
702 4273 913 4337 conscientia
929 4273 1053 4336 interni
1069 4273 1226 4349 hominis,
1240 4284 1276 4337 et
1293 4275 1427 4338 consci-

306 4373 400 4435 entia
422 4369 505 4451 justi
531 4378 586 4434 est
609 4367 820 4432 conscientia
842 4367 979 4430 externi
1005 4366 1161 4430 hominis.
1207 4367 1428 4433 Conscientia
1504 4371 1508 4380 '

251 4485 260 4508 ·
306 4466 387 4530 boni
413 4473 467 4528 est
496 4464 606 4527 iacere
636 4461 822 4528 secundum
853 4471 1039 4544 praecepta
1069 4459 1146 4525 fidei
1174 4482 1218 4526 ex
1248 4459 1427 4528 affectione

306 4561 451 4634 interna,
474 4567 511 4622 at
541 4557 753 4621 conscientia
778 4554 862 4638 justi
892 4565 946 4621 est
973 4555 1086 4619 lacere
1115 4556 1301 4620 secundum
1332 4557 1428 4639 leges

306 4652 421 4718 civiles
437 4661 473 4717 et
490 4649 636 4716 morales
652 4671 697 4715 ex
710 4647 889 4716 affectione
904 4659 1060 4715 externa.
1098 4647 1164 4732 Qui
1177 4651 1423 4716 conscientiam
