3282 5294
650 685 701 739 nu
724 685 955 738 cunnrrnss.
1319 690 1362 761 45

242 855 350 920 lorma
364 874 411 920 ex
426 853 525 920 variis
540 853 608 920 suis
624 852 785 932 delectat,
801 865 838 920 ut
861 865 992 920 sertum·
1012 876 1058 920 ex
1080 857 1164 922 rosis
1180 857 1363 922 diversico-

240 949 365 1014 loribus
383 950 417 1014 in
440 949 580 1032 pulchra
595 951 679 1014 serie
695 950 876 1032 dispositis.
921 949 1006 1016 lude
1022 961 1075 1016 est
1091 951 1180 1034 quod
1203 951 1258 1016 iris
1281 972 1362 1036 prae

239 1045 313 1125 ipsa
328 1043 402 1108 luce
418 1063 563 1109 amoena
585 1046 638 1109 sit.

304 1138 403 1202 Mens
418 1139 512 1220 operi
535 1140 695 1204 continue
710 1139 844 1204 intenta
860 1140 965 1222 spirat
980 1139 1023 1204 ad
1039 1141 1208 1222 requiem;
1231 1149 1267 1204 et
1283 1140 1363 1204 dum

239 1232 298 1297 illa
309 1233 498 1316 requiescit,
509 1233 685 1298 descendit
701 1235 734 1296 in
751 1253 881 1316 corpus,
892 1243 928 1298 et
944 1235 988 1298 ibi
1000 1235 1129 1316 quaerit
1146 1255 1205 1297 sua
1216 1233 1364 1316 jucunda

239 1327 490 1410 operationibus
521 1329 644 1392 mentis
674 1329 986 1410 correspondentia,
1017 1349 1102 1411 quae
1133 1349 1229 1392 mens
1265 1329 1363 1412 eligit

240 1421 423 1486 secundum
435 1423 630 1488 interiorem
641 1431 768 1486 statum
784 1424 923 1487 suumin
933 1423 1115 1488 visceribus
1126 1423 1295 1505 corporis;
1311 1424 1362 1486 in·

239 1517 365 1581 teriora
375 1517 525 1598 corporis
537 1517 715 1598 praecipue
727 1515 883 1580 hauriunt
895 1537 955 1580 sua
965 1514 1217 1581 delectamenta
1226 1537 1272 1580 ex
1284 1537 1363 1580 sen·
1464 1591 1467 1596 ¹

239 1610 329 1674 sibus
344 1611 444 1686 visus,
461 1610 605 1686 auditus,
621 1607 774 1686 olladtuS,
790 1619 910 1693 gustus
928 1621 964 1675 et
987 1608 1108 1686 tactus,
1125 1631 1209 1694 quae
1226 1610 1362 1693 quidem

239 1703 436 1768 hauriuntur
457 1705 501 1769 ab
523 1705 686 1780 externis,
709 1704 770 1768 sed
794 1725 898 1788 usque
921 1705 1091 1768 insinuant
1115 1725 1150 1768 se
1173 1705 1207 1768 in
1230 1705 1364 1787 singula

239 1799 399 1879 corporis,
412 1818 498 1881 quae
511 1808 676 1862 vocantur
687 1799 840 1864 membra
851 1809 887 1864 ct
899 1799 1037 1863 viscera.
1076 1799 1159 1864 Inde
1171 1809 1207 1864 et
1224 1819 1292 1863 non
1304 1798 1364 1862 ali·

240 1893 328 1956 unde
340 1902 419 1956 sunt
431 1890 735 1974 illisjucunditates
747 1902 783 1958 et
795 1893 1031 1958 amoenitates.
1076 1891 1235 1975 Singulae
1248 1891 1362 1970 fibrae,

239 1996 274 2050 et
297 1985 420 2068 singuli
443 1995 562 2050 textus
584 1984 752 2063 fibrarum,
769 1986 903 2069 singula
924 2007 1006 2050 vasa
1028 1987 1209 2068 capillaria,
1225 1997 1261 2051 et
1284 1987 1362 2052 inde

239 2101 320 2144 vasa
335 2079 537 2156 communia,
553 2091 590 2145 et
612 2081 659 2145 sic
682 2083 796 2145 omnia
818 2082 947 2144 viscera
968 2081 1002 2144 in
1026 2082 1205 2156 communi,
1222 2081 1363 2146 trahunt

239 2195 316 2238 suas
338 2173 493 2253 delitias3
516 2195 599 2256 quas
617 2185 698 2239 tunc
717 2175 821 2239 homo
843 2195 912 2238 non
934 2176 1041 2238 sentit
1061 2175 1285 2257 singulariter,
1302 2175 1363 2240 sed
1428 2200 1438 2212 ·

241 2267 482 2343 universaliter,
498 2269 584 2332 sicut
602 2288 781 2333 commune
798 2289 920 2348 unum;
944 2269 1004 2333 sed
1027 2270 1113 2334 sicut
1130 2289 1226 2332 mens
1242 2269 1362 2350 capitis

239 2373 292 2427 est
307 2363 341 2426 in
356 2361 432 2438 illis,
448 2362 535 2427 tales
551 2372 629 2426 sunt
645 2363 781 2428 delitiae
797 2383 899 2444 purae
915 2372 973 2428 aut
995 2364 1155 2444 impurae,
1172 2362 1362 2444 spirituales

239 2466 297 2522 aut
313 2455 495 2532 naturales,
513 2455 681 2521 coelestes
696 2467 755 2522 aut
770 2457 969 2536 infernales;
993 2476 1071 2521 nam
1087 2459 1178 2520 intus
1194 2457 1227 2520 in
1244 2459 1362 2539 quavis

239 2551 433 2615 sensatione
446 2551 594 2632 corporis
606 2561 660 2615 est
675 2571 771 2615 amor
782 2551 968 2616 voluntatis
980 2550 1050 2633 ejus
1066 2570 1142 2614 cum
1155 2552 1222 2614 suis
1234 2547 1361 2614 affecti·

239 2645 378 2722 onibus;
402 2664 441 2708 ac
458 2641 651 2708 intelledlus
666 2645 745 2710 lacit
769 2647 940 2728 percipere
958 2644 1089 2709 illarum
1106 2645 1259 2723 delitias;
1283 2664 1361 2709 nam

239 2758 334 2832 arnor
348 2737 535 2802 voluntatis
550 2757 627 2804 cum
643 2737 713 2821 ejus
728 2736 959 2804 alledtionibus
981 2739 1061 2804 lacit
1084 2740 1189 2803 vitam
1207 2737 1361 2820 cujusvis,

239 2843 275 2898 et
290 2833 465 2916 perceptio
480 2830 673 2896 intelledlus
689 2833 767 2898 inde
783 2833 862 2898 lacit
880 2835 1130 2912 sensationem3
1154 2834 1232 2897 inde
1248 2833 1362 2898 omnia

234 2927 382 3010 jucunda
397 2935 433 2990 et
448 2925 623 2990 amoena*

301 3020 370 3086 Sed
385 3021 463 3102 quia
478 3021 674 3096 ministeria,
690 3017 889 3097 functiones
905 3021 1025 3098 officia,
1042 3032 1077 3086 et
1101 3041 1204 3103 opera
1218 3020 1361 3102 cujusvis

238 3124 358 3179 tenent
374 3123 508 3178 mentes
530 3114 691 3192 intentas,
708 3125 743 3180 et
759 3116 823 3180 hae
844 3127 922 3180 sunt
938 3137 1024 3199 quae
1036 3135 1095 3197 per
1111 3115 1293 3180 diversoria
1307 3134 1360 3178 re·

238 3209 417 3284 laxandae,
434 3207 681 3285 refocillandae,
695 3219 730 3274 et
752 3209 1002 3292 recuperandae
1019 3220 1108 3284 sunt,
1125 3210 1229 3273 videri
1246 3218 1361 3290 potest

237 3303 328 3386 quod
350 3302 482 3367 varient
505 3303 687 3367 diversoria
715 3325 761 3367 ex
784 3305 941 3368 interiore
964 3301 1140 3368 allectione
1163 3306 1196 3367 in
1225 3302 1302 3380 illis,
1325 3312 1361 3368 et

238 3397 327 3481 quod
344 3396 410 3460 alia
424 3397 492 3460 sint
508 3397 535 3460 si
550 3399 583 3460 in
605 3397 670 3461 illis
685 3395 818 3464 affectio
834 3399 1009 3482 charitatis
1024 3409 1088 3474 est,
1105 3399 1170 3462 alia
1190 3399 1217 3462 si
1240 3397 1273 3461 in
1295 3395 1362 3460 illis

237 3488 370 3556 affeltio
385 3489 488 3554 solius
503 3490 650 3566 honoris,
663 3491 729 3556 alia
743 3494 771 3555 si
786 3489 919 3557 affectio
935 3491 1036 3556 solius
1060 3492 1151 3568 lucri,
1169 3491 1235 3556 alia
1256 3491 1283 3554 si
1304 3512 1360 3554 so·

238 3586 306 3649 lum
329 3585 497 3648 obeuntur
519 3595 658 3667 propter
680 3583 805 3650 victum
829 3597 863 3650 et
888 3588 1111 3651 necessitates
1127 3588 1228 3661 vitae,
1245 3585 1311 3648 alia
1333 3585 1361 3648 si

238 3679 347 3744 solum
364 3687 502 3760 propter
518 3699 640 3743 nomen
665 3689 702 3744 ut
718 3679 941 3756 celebrentur,
958 3692 1016 3744 aut
1040 3681 1066 3744 si
1090 3681 1199 3744 solum
1222 3689 1361 3762 propter

238 3773 369 3846 salaria,
386 3781 422 3836 ut
446 3773 577 3854 possint
593 3773 758 3838 ditescere
779 3795 872 3856 opes,
896 3775 950 3838 vel
974 3785 1011 3839 ut
1034 3777 1164 3857 possint
1187 3775 1288 3856 genio
1310 3773 1361 3836 vi·

238 3887 337 3944 vere;
360 3875 397 3930 et
411 3863 489 3949 [sic]
507 3887 616 3948 porro.

300 3959 336 4024 Si
357 3960 392 4024 in
411 3957 512 4024 [¹¹illis
528 3958 660 4026 affediio
676 3961 850 4027 charitatis
866 3973 930 4038 est,
947 3973 1027 4027 tunc
1045 3963 1156 4026 omnia
1173 3982 1272 4044 supra
1287 3981 1360 4025 me·

238 4063 370 4118 morata
385 4063 463 4118 sunt
479 4055 509 4118 ei
525 4074 586 4137 pro
597 4057 826 4135 recreatione;
850 4058 952 4120 etiam
965 4055 1158 4139 spedtacula
1174 4067 1208 4120 et
1225 4056 1359 4133 lusoria,

239 4157 372 4230 praeter
387 4149 583 4213 harmonica
597 4149 740 4214 musices
757 4161 792 4215 et
808 4161 939 4226 cantuS,
953 4161 988 4214 et
1004 4150 1269 4234 pulchritudines
1285 4169 1359 4214 om-

239 4261 298 4305 nes
314 4242 348 4304 in
360 4243 488 4324 campis
504 4252 539 4306 et
556 4241 674 4319 hortis,
690 4245 775 4307 etin
791 4265 915 4326 genere
932 4247 1217 4308 conversationes.
1263 4243 1360 4308 lntus

239 4335 271 4398 in
287 4335 351 4398 illis
361 4345 483 4400 ,manet
498 4334 630 4402 affectio
643 4359 730 4414 usus,
744 4359 829 4422 quae
846 4339 925 4402 dum
941 4339 987 4402 sic
1004 4339 1156 4421 quiescit,
1170 4339 1359 4402 successive

303 4511 320 4544 ὓ
339 4511 435 4578 [Nora
448 4523 484 4561 ux
497 4512 633 4562 Mnaolmt
646 4513 936 4580 utrumq-corpus
948 4513 1016 4562 enim
1029 4523 1067 4563 est
1083 4528 1147 4578 opus
1159 4519 1360 4571 concatenatum,

238 4585 262 4627 et
282 4575 364 4627 forma
380 4591 444 4638 unat
469 4579 579 4628 sensatio
595 4579 765 4628 communicat
785 4595 813 4629 se
830 4579 895 4629 sicut
911 4579 950 4628 vis
970 4579 1041 4629 illata
1057 4589 1160 4629 catenae
1178 4593 1236 4628 cum
1253 4577 1360 4643 singulis

238 4643 319 4704 uncis,
330 4658 360 4694 ae
372 4643 437 4695 sicut
447 4643 530 4694 forme
540 4659 606 4711 quae
618 4661 649 4695 ex
660 4645 789 4712 perpetuis
801 4646 896 4696 cetenis
908 4645 1016 4696 conflata
1027 4655 1076 4711 est,
