3338 5300
504 727 705 780 tuvttano
724 728 777 780 nn
796 727 933 780 novant
952 727 1173 779 acctnsmra
1355 713 1396 792 87

279 897 417 961 oriunda
429 917 474 961 ex
487 896 806 972 confirmationibus,
820 898 853 961 in
866 918 932 980 qua
946 896 1021 961 luce
1036 905 1089 960 est
1104 895 1266 960 naturalis
1282 895 1395 970 homo,

278 992 359 1056 dum
385 993 566 1075 spiritualis
596 993 699 1056 homo
725 991 892 1056 illuminat
919 992 1034 1055 illum:
1065 993 1169 1054 immo
1196 990 1397 1054 naturalista

278 1087 400 1150 atheus
426 1096 541 1169 potest
563 1085 673 1168 jurare
695 1085 785 1168 quod
811 1086 903 1150 Deus
929 1106 996 1149 non
1023 1087 1078 1160 sit,
1102 1085 1192 1167 quod
1216 1086 1330 1167 utique
1353 1086 1397 1148 sit

279 1179 382 1244 modo
394 1182 526 1244 vanitas
542 1181 669 1264 plebis;
693 1176 821 1264 liquare
834 1181 935 1244 corde
947 1201 1007 1244 suo
1020 1180 1204 1243 subsannat
1221 1178 1396 1243 Ecclesiae

282 1272 448 1339 dodtores.

340 1456 423 1543 (28.)
455 1457 585 1523 Notum
604 1467 658 1522 est
677 1459 711 1522 in
731 1457 899 1535 Ecclesia,
917 1459 1007 1542 quod
1027 1457 1184 1522 Ecclesia
1203 1458 1248 1522 sit
1265 1455 1396 1540 Corpus

237 1611 240 1618 ,
276 1549 421 1632 Christi;
445 1553 505 1616 sed
524 1551 689 1617 haetenus
708 1573 777 1616 non
797 1555 920 1617 scitum
940 1564 993 1616 est
1009 1553 1183 1636 quomodo
1201 1562 1265 1616 est.
1311 1551 1397 1616 Inde

275 1647 442 1731 estquod
470 1649 662 1712 universum
689 1648 822 1712 caelum
849 1649 893 1712 sit
921 1649 1008 1712 sicut
1036 1663 1121 1711 unus
1149 1646 1254 1710 homo
1280 1666 1396 1711 coram

275 1741 425 1806 Domino
436 1763 445 1822 ;
469 1743 577 1807 ethic
597 1743 703 1807 homo
718 1739 897 1807 distIndtus
916 1743 1021 1807 estin
1041 1743 1238 1819 societates,
1255 1761 1396 1825 quarum

274 1836 448 1919 quaelibet
465 1837 568 1902 refert
588 1857 690 1902 unum
715 1838 916 1914 membrum,
934 1859 993 1901 seu
1016 1857 1182 1920 organum
1206 1847 1242 1901 et
1258 1833 1395 1902 ¹³¹viscus

274 1931 309 1994 in
324 1930 483 2012 homine;
502 1933 536 1997 in
548 1954 616 2017 quo
631 1933 769 1998 homine
786 1953 845 1997 seu
862 1953 1014 2016 corpore,
1030 1933 1197 1996 Dominus
1213 1942 1266 1996 est
1282 1933 1397 1997 anima

275 2045 336 2088 seu
350 2026 431 2090 vita.
477 2028 644 2090 Dominus
660 2023 779 2092 ¹⁸¹enim
795 2028 937 2110 inspirat
953 2026 1128 2106 homines;
1152 2037 1188 2090 et
1205 2046 1282 2091 cum
1297 2047 1395 2110 prae·

274 2140 353 2184 sens
376 2129 441 2199 est,
466 2142 627 2205 praesens
650 2131 703 2186 est
730 2143 790 2205 per
812 2122 938 2198 caeloS,
963 2123 1051 2186 sicut
1077 2123 1190 2186 anima
1217 2141 1395 2205 persuum

275 2234 406 2298 corpus.
452 2215 568 2280 Simile
587 2225 640 2280 est
659 2236 736 2280 cum
759 2216 918 2280 Ecclesia
940 2217 974 2279 in
994 2217 1111 2296 terris;
1136 2235 1215 2280 nam
1234 2215 1319 2280 haec
1339 2225 1394 2280 est

273 2319 438 2374 externus
460 2310 575 2375 homo.
621 2310 735 2394 Quare
753 2313 893 2394 quisque
917 2331 976 2393 per
996 2321 1142 2376 mortem
1161 2309 1334 2394 colligitur
1351 2309 1394 2374 ad

273 2423 353 2468 suos
371 2405 405 2468 in
423 2405 482 2470 illo
501 2425 653 2489 corpore,
672 2416 738 2470 etc.

340 2587 421 2674 (29.)
455 2587 557 2672 Quod
580 2589 639 2654 illa
657 2611 744 2674 quae
767 2587 872 2655 l‘ldein
892 2600 1125 2655 memorantur
1148 2609 1217 2654 non
1240 2590 1309 2654 sint
1332 2590 1395 2653 mi·

274 2683 400 2762 racula,
421 2685 482 2749 sed
500 2687 699 2750 testimonia
717 2687 808 2770 quod
831 2707 852 2750 a
870 2686 1021 2750 Domino
1040 2683 1252 2750 introduftus
1274 2685 1337 2748 sim
1360 2686 1394 2748 in

273 2778 436 2844 mundum
462 2780 683 2863 spiritualem,
711 2791 851 2864 propter
877 2777 986 2844 ¹⁸¹fines
1015 2778 1090 2863 (qui
1088 2828 1205 2844 ......
1208 2779 1233 2864 ).
1292 2778 1398 2862 Quod

273 2873 435 2938 miracula
456 2893 526 2938 non
549 2873 633 2940 fiant
656 2875 758 2940 hodie
783 2873 916 2959 (causae
918 2923 1073 2952 ........
1071 2885 1178 2938 ·tum
1199 2895 1243 2937 ex
1258 2872 1398 2938 Domini

272 2967 396 3044 verbis,
409 2967 534 3034 Matth.
548 2969 661 3054 xxiv).
698 2959 1260 3054 (DemiracultsAntont'iPaduae,
1273 2977 1306 3032 et
1314 2968 1394 3050 plu·

271 3061 361 3126 rium
376 3083 433 3146 qua
429 3063 513 3146 pro
529 3063 665 3129 Sanllis
679 3063 840 3142 coluntur,
858 3084 999 3147 quorum
1013 3063 1157 3128 miracul
1154 3063 1185 3127 is
1198 3062 1302 3144 plena
1316 3071 1395 3127 sunt

273 3159 476 3222 monasteria
482 3181 498 3234 ,·
520 3159 562 3222 de
575 3157 747 3224 miraculis
762 3157 882 3236 Paris,
899 3159 940 3223 de
956 3159 1076 3242 quibus
1090 3157 1154 3222 duo
1172 3155 1342 3221 volumina
1359 3153 1394 3218 in

272 3253 418 3338 quarto.)

337 3441 420 3528 (30.)
452 3441 554 3526 Quod
578 3443 745 3509 Dominus
766 3443 799 3507 in
818 3443 1029 3528 plenitudine
1048 3443 1212 3526 temporis
1230 3451 1393 3507 venturus

271 3539 316 3604 sit
334 3550 370 3604 et
385 3537 606 3621 judicaturus,
626 3538 830 3621 intelligitur
848 3559 908 3622 per
927 3537 1037 3622 Ipsius
1055 3537 1169 3614 verba,

323 3671 464 3736 '‘Quando
477 3671 580 3723 venerit
598 3671 681 3722 Filius
697 3671 815 3722 bominis
832 3672 860 3722 ln
878 3671 965 3736 gloria
981 3686 1038 3731 sua,
1052 3681 1080 3722 et
1091 3687 1186 3722 omnes
1199 3668 1286 3722 moll
1302 3671 1392 3734 angeli

401 3753 462 3788 enm
482 3737 554 3802 lpso,
571 3747 635 3788 tunc
652 3738 756 3788 sedebit
773 3752 854 3802 super
870 3739 969 3788 throno
986 3738 1087 3800 gloriae
1104 3751 1185 3796 suae:
1202 3747 1230 3788 et
1247 3751 1394 3800 congrega·

402 3806 501 3854 buntur
509 3818 600 3854 coram
611 3802 675 3866 Ipso
684 3818 780 3853 omnes
789 3811 892 3866 gentes,
904 3813 931 3853 et
943 3804 1078 3866 separabit
1087 3817 1133 3853 eas
1144 3804 1179 3852 ab
1188 3803 1313 3861 invicem,
1325 3803 1393 3852 sieut

402 3879 494 3934 pastor
506 3879 612 3933 separat
624 3883 689 3919 oves
701 3871 736 3918 ab
747 3868 855 3929 hircis,’'
866 3881 916 3919 etc.
931 3867 1022 3930 (Mati.
1033 3883 1096 3919 xxv.
1108 3881 1148 3930 31,
1160 3867 1210 3932 32).

272 3991 338 4058 Hic
355 3991 539 4058 Adventus
559 3993 697 4057 Domini
716 3991 919 4076 intelligitur
934 4013 995 4076 per
1012 3993 1097 4057 haec
1116 3991 1266 4075 Symbolt'
1276 3990 1391 4074 Apos-

270 4087 368 4166 tolia,
388 4089 431 4152 de
447 4089 529 4172 jesu
547 4087 704 4153 Christo:

323 4221 492 4277 “Ascendit
502 4221 539 4276 ad
552 4221 666 4284 caelos,
684 4221 770 4276 sedet
781 4221 819 4276 ad
830 4221 965 4276 dextram
980 4219 1036 4277 Dei
1042 4220 1148 4312 'Patris
1161 4218 1392 4291 omnipotentis;

270 4293 340 4348 inde
352 4303 496 4348 venturus
509 4302 555 4348 est
567 4290 726 4364 1⁸1judicare
739 4293 824 4348 vivos
837 4302 867 4348 et
881 4292 1048 4356 mortuos;''

269 4425 374 4585 giam
405 4421 494 4508 [per]
528 4422 637 4488 hoc
627 4443 662 4488 tn
692 4421 845 4506 Symbola
875 4421 1031 4500 Nicaeno,
1059 4421 1102 4487 de
1132 4421 1282 4486 Domino
1309 4421 1390 4504 Jesu

323 4519 427 4584 risto:

322 4651 491 4709 Ascendit
500 4651 538 4708 ad
551 4651 666 4714 caelos:
688 4649 774 4707 sedet
783 4651 821 4706 ad
834 4651 971 4707 dextram
986 4650 1099 4714 Patris:
1118 4660 1149 4706 et
1163 4649 1271 4706 iterum
1282 4659 1390 4705 ventu·

269 4739 319 4780 rus
332 4733 374 4780 est
391 4725 421 4780 in
434 4723 537 4797 gloria,
551 4691 711 4795 l'ljudioltre
722 4723 809 4780 vivos
827 4732 859 4779 et
878 4733 1027 4788 mortuom
1049 4723 1134 4795 cujus
1150 4723 1241 4795 regna
1254 4736 1312 4776 non
1329 4723 1389 4775 erit

264 4794 363 4865 finis?
