3352 5298
450 677 499 728 nu
522 675 1122 745 EJUSDOCTR1NACAELEST1.—N.
1143 665 1192 747 38.
1340 677 1379 748 35

783 1152 866 1238 [nn]

322 1393 396 1468 DE
430 1394 668 1474 lunnnno
699 1351 773 1472 'ET
808 1395 1065 1472 Exnnnno
1104 1395 1332 1472 Honnnn

281 1729 332 1784 ’ὁ
424 1785 527 1854 0Μο
546 1789 595 1854 ita
612 1797 747 1854 creatus
765 1799 819 1854 est
843 1798 880 1854 ut
899 1788 999 1854 simul
1017 1790 1061 1854 sit
1084 1791 1117 1853 in
1141 1789 1268 1854 mundo
1286 1788 1383 1872 spiri-

451 1883 536 1948 tuali
558 1892 594 1948 et
620 1884 653 1946 in
677 1883 804 1948 mundo
827 1883 984 1948 naturali.
1030 1883 1177 1948 Mundus
1201 1884 1384 1967 spiritualis

452 1989 506 2043 est
522 1979 577 2042 ubi
593 1987 673 2042 sunt
691 1978 815 2060 angeli,
833 1989 869 2042 et
887 1979 1031 2042 mundus
1048 1980 1212 2043 naturalis
1231 1981 1287 2044 ubi
1300 1989 1383 2044 'sunt

452 2073 619 2136 homines.
674 2071 721 2136 Et
749 2073 826 2154 quia
852 2072 956 2137 homo
980 2075 1029 2137 ita
1056 2083 1190 2136 creatus
1217 2084 1282 2148 est,
1306 2073 1384 2137 ideo

267 2167 384 2230 datum
401 2175 454 2231 est
471 2166 502 2228 ei
517 2166 687 2228 internum
700 2175 735 2229 et
752 2173 954 2244 externum
976 2168 1147 2230 internum
1162 2188 1221 2248 per
1233 2167 1323 2249 quod
1339 2167 1385 2232 sit

267 2261 299 2323 in
317 2260 444 2324 mundo
459 2258 635 2342 spirituali,
650 2269 832 2323 externum
848 2280 908 2342 per
923 2261 1013 2342 quod
1029 2262 1073 2324 sit
1089 2261 1123 2322 in
1140 2261 1267 2324 inundo
1283 2270 1384 2324 natu-

268 2354 337 2418 rali.
383 2354 560 2418 Internum
586 2352 657 2434 ejus
683 2363 737 2417 est
760 2355 851 2436 quod
874 2365 1016 2418 vocatur
1037 2357 1190 2419 internus
1213 2355 1328 2432 homo,
1348 2365 1384 2420 et

267 2458 450 2512 externum
468 2447 559 2530 quod
578 2457 721 2512 vocatur
739 2458 904 2512 externus
923 2449 1037 2514 homo.

325 2557 393 2627 37·
421 2543 614 2626 Unicuique
632 2543 763 2607 homini
785 2554 840 2608 est
857 2545 1028 2610 internum
1050 2555 1086 2610 et
1108 2555 1303 2622 externum,
1323 2546 1384 2610 sed

267 2636 366 2700 aliter
384 2636 472 2718 apud
496 2635 606 2698 bonos
629 2646 663 2699 et
687 2635 787 2699 aliter
808 2637 897 2719 apud
921 2637 1039 2702 malos.
1096 2637 1271 2701 Internum
1294 2638 1384 2720 apud

268 2729 376 2794 bonos
394 2739 448 2794 est
467 2731 502 2796 in
521 2729 618 2793 caelo
637 2739 673 2793 et
692 2728 763 2810 ejus
780 2730 865 2804 luce,
882 2741 918 2796 et
941 2742 1122 2796 externum
1145 2733 1178 2794 in
1198 2732 1326 2796 mundo
1349 2741 1385 2796 et

267 2823 337 2905 ejus
356 2824 431 2888 luce
442 2845 451 2903 ;
475 2834 510 2888 et
534 2824 617 2888 haec
642 2823 702 2887 lux
721 2825 810 2906 apud
830 2823 906 2888 illos
925 2823 1134 2887 illuminatur
1152 2843 1172 2886 a
1191 2822 1267 2886 luce
1286 2823 1384 2900 caeli,

268 2928 303 2982 et
323 2920 371 2982 sic
389 2919 478 3002 apud
498 2918 576 2982 illos
595 2919 765 2982 internum
781 2927 816 2982 et
836 2927 1019 2982 externum
1038 2937 1140 2980 unum
1160 2927 1279 2999 agunt,
1297 2917 1385 2982 sicut

268 3032 370 3076 causa
385 3011 535 3076 efficiens
553 3022 588 3076 et
605 3011 753 3088 effe&us‚
771 3033 830 3076 seu
849 3015 936 3076 sicut
955 3014 1045 3094 prius
1061 3022 1097 3076 et
1114 3013 1292 3094 posterius.
1333 3011 1386 3077 At

268 3106 357 3188 apud
381 3106 490 3170 malos
513 3107 685 3170 internum
708 3115 762 3170 est
785 3108 819 3170 in
839 3108 966 3170 mundo
985 3117 1020 3170 et
1039 3108 1072 3169 in
1096 3106 1167 3187 ejus
1186 3106 1272 3182 luce,
1292 3107 1386 3169 acin

268 3200 389 3264 eadem
411 3200 516 3264 etiam
539 3209 743 3278 externum;
768 3211 976 3284 quapropter
999 3200 1081 3264 nihil
1100 3201 1219 3264 vident
1241 3221 1287 3263 ex
1310 3199 1386 3264 luce

268 3293 365 3368 caeli,
382 3294 443 3357 sed
460 3292 570 3356 solum
587 3313 632 3358 ex
649 3293 723 3358 luce
740 3295 867 3369 mundi,
891 3315 977 3377 quae
994 3293 1053 3357 lux
1073 3292 1144 3376 [ab]
1162 3293 1228 3357 illis
1243 3303 1386 3356 vocatur

226 3437 242 3464 ,
270 3385 383 3450 lumen
407 3385 578 3450 Naturae:
603 3387 682 3451 inde
705 3397 759 3452 est
782 3388 873 3470 quod
896 3388 955 3451 illa
977 3409 1064 3471 quae
1086 3388 1171 3451 caeli
1195 3397 1274 3450 sunt
1293 3387 1333 3450 iis
1351 3388 1386 3451 in

269 3479 415 3562 caligine
434 3482 513 3557 sint,
533 3491 570 3546 et
592 3502 679 3564 quae
702 3483 818 3546 mundi
841 3491 921 3546 sunt
943 3483 977 3544 in
1001 3481 1086 3544 luce.
1131 3479 1189 3544 Ex
1211 3481 1263 3544 his
1287 3489 1386 3563 patet

269 3575 360 3656 quod
378 3574 476 3638 bonis
498 3576 543 3640 sit
568 3577 721 3639 internus
740 3575 845 3640 homo
864 3585 900 3640 et
919 3585 1083 3640 externus
1102 3574 1218 3649 nomn,
1238 3584 1275 3638 at
1294 3574 1386 3657 quod

270 3667 366 3732 malis
386 3688 455 3732 non
474 3669 518 3733 sit
537 3671 690 3734 internus
708 3669 813 3733 homo
831 3669 892 3733 sed
912 3668 1022 3732 solum
1038 3679 1213 3732 externus.

327 3764 398 3846 38.
426 3765 589 3829 Internus
611 3765 716 3828 homo
738 3773 792 3828 est
814 3766 871 3847 qui
892 3775 1037 3828 vocatur
1058 3763 1245 3846 spiritualis
1267 3764 1385 3842 homo,

270 3859 347 3940 quia
364 3867 418 3922 est
434 3859 468 3921 in
484 3857 559 3922 luce
574 3857 671 3933 caeli,
688 3877 774 3940 quae
791 3857 851 3920 lux
870 3867 924 3920 est
940 3857 1143 3940 spiritualis;
1167 3869 1203 3922 et
1222 3867 1387 3922 externus

269 3951 374 4015 homo
398 3961 453 4016 est
477 3953 534 4035 qui
560 3961 703 4015 vocatur
730 3951 894 4014 naturalis
923 3951 1038 4026 hom0,
1062 3952 1140 4032 quia
1166 3961 1220 4014 est
1250 3952 1284 4014 in
1311 3951 1387 4016 luce

271 4046 397 4122 mundi,
417 4067 503 4129 quae
523 4045 583 4109 lux
599 4055 653 4110 est
672 4045 846 4110 naturalis,
891 4043 1008 4109 Homo
1027 4045 1119 4126 cujus
1138 4045 1310 4108 internum
1332 4055 1387 4109 est

270 4139 302 4202 in
319 4139 394 4202 luce
410 4139 496 4204 caeli
512 4148 547 4203 et
561 4149 741 4204 externum
760 4140 794 4202 in
811 4138 885 4202 luce
899 4139 1025 4214 mundi,
1039 4141 1066 4202 is
1082 4139 1265 4221 spiritualis
1281 4139 1387 4202 horno

271 4241 324 4296 est
347 4233 460 4316 quoad
483 4241 684 4315 utrumque;
711 4243 747 4296 at
770 4233 874 4297 homo
892 4231 984 4313 cujus
1003 4235 1173 4298 internum
1193 4253 1261 4296 non
1280 4241 1333 4296 est
1353 4233 1386 4296 in

270 4326 346 4390 luce
359 4326 455 4402 caeli,
470 4327 530 4390 sed
548 4327 657 4390 solum
673 4329 707 4390 in
723 4326 798 4390 luce
811 4327 926 4390 mundi
942 4328 1055 4408 inquo
1070 4327 1175 4390 etiam
1191 4335 1385 4402 externum,

270 4421 298 4482 is
316 4421 480 4484 naturalis
499 4421 604 4484 horno
626 4431 680 4484 est
699 4421 811 4504 quoad
835 4430 1024 4504 utrumque.
1068 4419 1259 4503 Spiritualis
1281 4420 1387 4484 homo

270 4525 323 4578 est
345 4513 402 4597 qui
423 4515 457 4577 in
476 4513 594 4578 Verbo
612 4524 754 4580 vocatur
774 4514 927 4592 “vivus,”
942 4524 980 4580 at
1003 4513 1167 4578 naturalis
1196 4513 1301 4578 homo
1330 4513 1387 4597 qui
1439 4523 1445 4536 '

272 4618 411 4673 vocatur
431 4607 643 4672 “mortuus.’'
