3352 5298
616 625 667 676 DE
690 625 796 680 Nova
819 621 1095 678 HIEROSOLYMA

811 1053 892 1140 [xc]

677 1288 752 1364 DE
796 1289 1027 1366 MERITO.

291 1677 309 1718 1
333 1677 359 1718 o

297 1677 497 2080 ³QUI
519 1731 612 1796 bona
634 1731 760 1796 faciunt
783 1742 821 1796 ut
844 1739 1049 1808 mereantur,
1070 1751 1138 1796 non
1167 1731 1294 1796 iaciunt
1319 1731 1411 1824 bpna

473 1847 517 1892 ex
536 1847 651 1892 amore
667 1827 758 1903 boni,
776 1827 836 1892 sed
855 1848 901 1890 ex
917 1847 1033 1891 amore
1050 1827 1235 1904 mercedis;
1259 1845 1339 1890 nam
1355 1826 1410 1910 qui

473 1921 547 1986 vult
560 1922 680 1984 mereri
696 1921 724 1983 is
735 1919 809 1985 vult
825 1921 1050 1984 remunerari:
1075 1920 1123 1984 iili
1139 1922 1194 2005 qui
1210 1921 1259 1984 ita
1271 1920 1409 1996 iaciunt,

468 2015 653 2098 jucundum
669 2011 826 2098 spedtant
845 2024 881 2078 et
900 2023 1032 2098 ponunt
1051 2015 1085 2078 in
1101 2016 1269 2090 mercede,
1286 2025 1323 2080 et
1342 2035 1410 2079 non

292 2111 326 2174 in
345 2110 458 2190 bono;
482 2131 585 2193 quare
601 2129 669 2172 non
686 2107 877 2192 spirituales
893 2117 984 2182 sunt,
1002 2109 1062 2172 sed
1079 2107 1265 2174 ¹naturales.

302 2283 305 2290 Ι
352 2221 445 2290 ψ.
473 2205 603 2270 Facere
625 2205 753 2269 bonum
780 2203 871 2287 quod
899 2213 954 2267 est
979 2203 1120 2280 bonum,
1138 2205 1203 2269 erit
1226 2225 1271 2269 ex
1293 2225 1410 2270 amore
1513 2265 1515 2270 .

292 2298 384 2374 boni,
405 2301 454 2363 ita
476 2308 617 2381 propter
634 2297 772 2360 bonum.
818 2295 871 2360 Ilii
891 2297 947 2378 qui
970 2297 1003 2359 in
1027 2317 1069 2360 eo
1091 2316 1208 2362 amore
1231 2308 1322 2374 sunt,
1343 2319 1411 2363 non

292 2393 414 2458 volunt
430 2393 545 2457 audire
563 2391 606 2455 de
624 2391 758 2465 merito,
772 2409 852 2454 nam
870 2399 988 2454 amant
1007 2389 1130 2464 iacere,
1150 2401 1186 2455 et
1206 2391 1239 2454 in
1258 2413 1300 2456 eo
1323 2391 1411 2456 faus·

241 2545 246 2556 .
293 2496 367 2553 tum
394 2487 603 2570 percipiunt;
635 2493 671 2548 et
697 2485 771 2548 vice
794 2504 891 2550 versa
918 2485 1177 2560 contristantur,
1201 2487 1228 2549 si
1254 2487 1413 2550 credatur

278 2637 280 2642 .
293 2581 384 2665 quod
396 2579 455 2644 fiat
469 2589 609 2663 propter
621 2579 758 2661 aliquod
771 2579 830 2645 sui.
864 2576 909 2642 Se
921 2578 1051 2642 habent
1065 2577 1123 2642 illa
1135 2599 1244 2662 paene
1257 2582 1344 2646 sicut
1356 2583 1411 2665 qui

294 2675 420 2739 bonum
443 2676 570 2739 iaciunt
593 2674 710 2737 amicis
733 2673 903 2738 amicitiae
930 2691 1043 2748 causa,
1067 2673 1161 2737 fratri
1189 2675 1412 2742 fraternitatis

295 2789 408 2843 causa,
428 2770 526 2833 uxori
549 2778 585 2832 et
608 2767 721 2831 liberis
745 2769 862 2830 uxoris
884 2777 920 2831 et
944 2765 1124 2842 liberorum
1148 2787 1261 2844 causa,
1282 2772 1412 2852 patriae

294 2865 426 2946 patriae
439 2882 551 2938 causa,
565 2863 615 2925 ita
630 2883 675 2924 ex
691 2862 840 2926 amicitia
857 2871 892 2925 et
908 2853 1044 2940 amore3
1068 2859 1127 2936 illi,
1141 2863 1197 2944 qui
1214 2862 1302 2927 bene
1317 2864 1411 2946 cogi·

294 2967 383 3032 tant,
409 2957 514 3020 etiam
541 2955 658 3020 dicunt
686 2965 722 3020 et
749 2956 956 3038 persuadent
983 2954 1073 3038 quod
1102 2975 1171 3018 non
1198 2956 1412 3022 benefaciant

294 3060 434 3134 propter
450 3071 486 3114 se
502 3050 562 3114 sed
579 3061 719 3133 propter
734 3049 821 3132 iilos.
1118 3127 1119 3132 ἵ

354 3141 447 3229 1⁴52.
475 3145 531 3208 Illi
553 3146 610 3228 qui
632 3145 760 3208 bonum
783 3143 912 3208 iaciunt
935 3145 1103 3209 mercedis
1125 3166 1239 3222 causa,
1258 3167 1327 3211 non
1350 3148 1412 3212 bo·

295 3257 374 3302 num
390 3238 516 3302 faciunt
535 3258 555 3302 a
575 3237 734 3312 Domino,
751 3237 810 3300 sed
830 3257 850 3320 a
868 3248 999 3328 semet;
1024 3257 1102 3301 nam
1119 3235 1277 3320 speciant
1293 3261 1330 3304 se
1346 3243 1413 3324 pri·

295 3333 412 3408 mario,
437 3333 515 3415 quia
540 3351 637 3395 suum
664 3331 810 3408 bonum;
840 3350 880 3395 ac
908 3332 1035 3410 bonum
1065 3333 1222 3415 proximi,
1246 3335 1337 3416 quod
1360 3345 1414 3399 est

295 3427 423 3491 bonum
442 3427 602 3498 concivis,
623 3422 801 3489 societatis
819 3425 1000 3500 humanae,
1018 3428 1160 3509 patriae,
1181 3437 1217 3491 et
1236 3428 1413 3505 ecclesiae,

295 3541 364 3585 non
387 3518 545 3604 spectant
569 3521 631 3584 nisi
655 3539 756 3602 quam
784 3529 822 3584 ut
849 3521 998 3584 medium
1021 3522 1064 3584 ad
1092 3519 1204 3584 finem.
1250 3521 1334 3586 Inde
1360 3533 1414 3588 est

295 3616 385 3698 quod
405 3616 437 3678 in
457 3615 549 3680 bono
564 3615 675 3679 meriti
695 3613 803 3678 lateat
819 3614 946 3678 bonum
963 3615 1088 3679 amoris
1106 3616 1156 3678 sui
1177 3625 1213 3680 et
1234 3617 1360 3691 mundi,
1378 3627 1414 3681 et

295 3709 328 3773 id
358 3710 485 3774 bonum
515 3717 569 3773 est
598 3709 642 3772 ab
669 3708 807 3772 homine
836 3718 872 3772 et
903 3729 971 3772 non
1001 3729 1021 3773 a
1048 3709 1219 3788 Domino,
1246 3720 1282 3775 et
1312 3731 1414 3776 omne

295 3805 423 3868 bonum
442 3803 533 3888 quod
555 3813 608 3868 est
628 3803 672 3867 ab
690 3802 828 3867 homine
848 3823 915 3866 non
935 3813 988 3868 est
1007 3803 1155 3882 bonum;
1178 3804 1293 3881 immo,
1306 3826 1414 3888 quan-

297 3909 370 3963 tum
390 3901 440 3962 sui
458 3909 493 3962 et
514 3899 629 3962 mundi
648 3898 681 3960 in
701 3896 761 3961 illo
780 3895 878 3972 latet,
895 3907 949 3962 est
967 3898 1103 3961 malum.

356 4009 452 4079 153.
481 3994 639 4060 Genuina
667 3993 820 4057 charitas
845 4003 881 4058 et
910 3995 1059 4076 genuina
1088 3993 1173 4058 fides
1202 4003 1256 4058 est
1285 3994 1415 4078 absque

296 4089 389 4153 omni
409 4089 542 4163 merit0,
560 4105 639 4149 nam
659 4085 845 4168 jucundum
868 4085 1047 4150 charitatis
1069 4097 1123 4152 est
1147 4089 1256 4170 ipsum
1275 4087 1414 4164 bonum,

297 4194 334 4248 et
349 4181 533 4264 jucundum
553 4179 630 4244 fidei
649 4189 702 4244 est
721 4182 831 4262 ipsum
849 4199 987 4260 verum;
1015 4192 1221 4264 quapropter
1240 4181 1287 4245 illi
1306 4183 1362 4264 qui
1381 4182 1415 4246 in

297 4298 338 4342 ea
357 4277 527 4342 charitate
547 4286 582 4340 et
601 4273 667 4339 fide
691 4283 781 4351 sunt,
801 4275 913 4339 sciunt
932 4277 1012 4359 quid
1036 4277 1163 4341 bonum
1187 4297 1255 4340 non
1275 4277 1415 4340 merito·

297 4373 393 4448 rium,
411 4391 479 4436 non
495 4379 612 4435 autem
628 4369 676 4434 illi
693 4370 748 4453 qui
766 4389 833 4434 non
850 4370 883 4432 in
899 4369 1068 4436 charitate
1085 4380 1120 4436 et
1136 4369 1203 4436 fide
1219 4381 1310 4438 sunt.

357 4482 453 4553 154.
482 4465 584 4550 Quod
604 4486 672 4530 non
691 4465 884 4530 iaciendum
900 4467 945 4530 sit
967 4465 1095 4532 bonum
1113 4467 1282 4532 mercedis
1300 4485 1414 4542 causa,

298 4560 401 4626 docet
421 4561 500 4644 Ipse
519 4557 686 4624 Dominus
704 4559 793 4642 apud
809 4557 942 4638 Lucam,
