3338 5300
294 691 335 754 62
767 701 939 754 CORONIS.

297 877 448 960 equitum
475 885 533 940 aut
562 893 733 938 cursorum
763 883 845 936 ante
874 871 979 949 illum,
1008 891 1119 956 exque
1147 869 1352 953 splendente
1381 881 1415 934 et

297 991 463 1054 purpureo
482 967 626 1046 amiclu3
655 977 709 1032 ast
725 967 837 1032 cultus
856 966 1164 1050 repraesentativus
1179 967 1345 1047 genuinus
1363 977 1417 1028 est

296 1066 384 1130 sicut
407 1066 462 1149 qui
485 1061 639 1148 aspedlat
662 1081 789 1144 regem,
814 1063 1010 1144 principem,
1034 1069 1244 1142 magnatem,
1269 1070 1328 1124 aut
1355 1059 1416 1124 ali-

297 1180 397 1244 quem
417 1159 575 1224 excelsae
594 1157 771 1240 dignitatis
790 1157 906 1232 virum,
926 1177 973 1218 ex
995 1155 1159 1236 religione
1177 1154 1247 1236 ejus
1268 1163 1304 1218 et
1326 1155 1416 1238 sapi-

296 1256 389 1319 entia
407 1253 487 1335 ejuS,
507 1263 610 1335 atque
632 1273 678 1316 ex
697 1251 828 1333 justitia
847 1260 882 1314 et
901 1249 1026 1331 judicio
1045 1249 1125 1330 ejuS,
1146 1258 1182 1312 et
1204 1270 1250 1312 ex
1273 1248 1325 1312 his
1344 1268 1416 1312 me·

297 1357 429 1411 morata
441 1347 586 1428 insignia
599 1345 736 1410 honoris
749 1343 828 1426 ejus.
874 1345 977 1408 Porro
990 1344 1101 1408 cultus
1117 1343 1350 1407 idololatricus
1364 1355 1416 1406 est

296 1443 383 1505 sicut
402 1442 458 1524 qui
477 1437 610 1524 spectat
633 1442 812 1523 primatem
831 1439 1008 1503 Ecclesiae
1028 1439 1137 1502 solum
1160 1459 1205 1501 ex
1225 1438 1328 1501 cidari
1347 1437 1416 1520 ejus

296 1545 331 1600 et
350 1535 513 1599 clenodiis
532 1537 565 1598 in
587 1534 656 1610 illa,
674 1543 732 1597 aut
751 1534 854 1598 alium
873 1532 1063 1616 praesulem
1082 1541 1140 1596 aut
1159 1532 1352 1596 antistitem
1371 1553 1415 1596 ex

296 1628 399 1692 insula
414 1649 453 1692 ac
471 1630 570 1692 mitra
586 1647 721 1706 eorum;
744 1648 784 1692 ac
798 1628 909 1692 cultus
921 1627 1231 1710 repraesentativus
1247 1626 1416 1708 genuinus

296 1733 349 1788 est
376 1725 462 1786 sicut
490 1725 545 1805 qui
571 1719 705 1805 spectat
732 1722 809 1786 illos
835 1743 880 1786 ex
908 1721 982 1784 zelo
1004 1721 1127 1783 amoris
1154 1740 1215 1802 pro
1241 1721 1416 1784 animabus

296 1817 472 1882 hominum
496 1817 682 1892 Ecclesiae,
706 1828 742 1880 et
766 1838 827 1900 pro
850 1816 960 1879 salute
983 1825 1124 1879 aeterna
1145 1815 1290 1888 illarum,
1311 1823 1348 1878 et
1371 1836 1415 1879 ex

296 1913 349 1976 his
365 1913 509 1994 insignia
524 1913 645 1994 capitis
661 1932 787 1976 eorum.
833 1911 969 1986 Adhuc,
988 1909 1099 1974 cultus
1114 1909 1348 1972 idololatricus
1363 1921 1416 1974 est

297 2007 383 2070 sicut
411 2027 492 2088 ager
519 2005 638 2089 plenus
661 2005 800 2069 calamis
823 2007 950 2088 absque
973 2005 1096 2079 aristis,
1116 2013 1175 2068 aut
1202 2023 1279 2067 cum
1305 2005 1416 2068 aristis

298 2101 424 2184 absque
443 2101 612 2165 frumento
631 2101 665 2164 in
685 2099 761 2176 illis,
781 2109 840 2164 aut
859 2102 962 2164 etiam
982 2119 1059 2162 cum
1078 2099 1130 2162 his
1149 2099 1276 2182 absque
1295 2098 1417 2162 nucleo

297 2195 330 2257 in
353 2194 533 2270 frumento,
557 2203 593 2258 et
617 2195 663 2258 sic
687 2215 806 2277 porro;
836 2193 947 2258 cultus
970 2203 1085 2257 autem
1108 2195 1416 2276 repraesentativus

297 2291 462 2370 genuinus
481 2299 533 2352 est
557 2291 643 2352 sicut
667 2309 748 2370 ager
768 2288 890 2370 plenus
914 2308 1035 2362 messe,
1057 2287 1148 2368 cujus
1170 2287 1340 2351 frumenta
1362 2298 1416 2352 tu-

298 2393 392 2447 ment
413 2383 551 2458 nucleis,
571 2405 616 2446 ex
639 2383 758 2466 quibus
778 2381 887 2446 simila
910 2391 946 2446 et
969 2383 1065 2464 panis
1087 2383 1121 2444 in
1144 2383 1252 2464 copia.
1297 2381 1416 2447 Cultus

217 2487 219 2495 ‘
297 2477 529 2541 idololatricus
545 2487 598 2541 est
617 2479 720 2540 etiam
740 2479 827 2540 sicut
846 2497 948 2540 ovum
966 2478 1000 2540 in
1019 2497 1086 2560 quo
1105 2496 1173 2539 non
1193 2487 1246 2541 est
1265 2497 1416 2560 sperma-

297 2573 421 2636 ticum:
445 2583 482 2635 at
501 2572 611 2635 cultus
627 2573 936 2655 repraesentativus
952 2573 1118 2653 genuinus
1135 2581 1190 2634 est
1209 2573 1296 2636 sicut
1315 2593 1415 2638 ovum

298 2668 331 2729 in
350 2688 417 2751 quo
436 2665 633 2749 prolificum,
654 2687 699 2730 ex
717 2686 784 2750 quo
807 2666 927 2750 pullus.
972 2665 1022 2730 Ut
1045 2665 1155 2730 adhuc
1179 2667 1304 2750 instem
1322 2687 1416 2731 com·

299 2757 478 2846 parandoffl
496 2763 594 2826 binos
613 2763 690 2826 illos
709 2762 837 2826 cultus:
868 2761 980 2826 cultus
998 2761 1231 2826 idololatricus
1254 2771 1307 2826 est
1330 2763 1416 2827 sicut

299 2858 354 2940 qui
384 2877 444 2940 per
472 2858 699 2920 rheubismum
730 2857 876 2940 perdidit
906 2876 1043 2920 sensum
1072 2856 1185 2921 odoris
1216 2865 1251 2920 et
1280 2877 1416 2922 sensum

298 2953 446 3034 saporis;
479 2952 532 3015 hic
555 2953 634 3014 dum
654 2952 815 3016 admovet
833 2951 981 3035 aliquam
1000 2971 1099 3015 uvam
1118 2952 1264 3027 naribus,
1285 2963 1343 3016 aut
1366 2954 1416 3016 in·

299 3046 408 3110 stillat
430 3049 544 3109 vinum
568 3046 713 3129 linguae,
738 3046 819 3110 nihil
842 3056 978 3130 praeter
1000 3043 1128 3110 tedium
1152 3067 1268 3110 eorum
1291 3049 1415 3126 sentit;

299 3151 335 3205 at
359 3141 470 3204 cultus
493 3143 801 3224 repraesentativus
823 3141 989 3224 genuinus
1012 3150 1065 3204 est
1089 3142 1176 3206 sicut
1200 3142 1255 3224 qui
1282 3142 1416 3206 insimul

299 3258 384 3299 uvae
407 3237 547 3300 odorem
567 3246 602 3300 et
625 3237 692 3299 vini
715 3255 871 3318 saporem
894 3237 1071 3319 persentit,
1091 3246 1127 3300 et
1149 3237 1197 3299 sic
1220 3235 1337 3300 fruitur
1357 3257 1417 3300 usu

299 3333 469 3413 utriusque
488 3332 522 3393 in
541 3332 719 3394 suavitate.

361 3439 429 3508 5².
460 3423 560 3506 Quod
583 3425 751 3488 secundus
774 3435 884 3489 status
911 3425 1007 3506 hujus
1029 3424 1207 3490 Ecclesiae
1233 3425 1332 3490 suerit
1359 3427 1416 3490 In·

299 3517 450 3593 structio,
479 3521 627 3602 sequitur
653 3541 698 3582 ex
725 3520 861 3598 ordine;
895 3539 974 3584 nam
1001 3520 1081 3582 dum
1108 3521 1181 3601 quis
1207 3531 1349 3586 vocatur
1374 3522 1416 3585 ad

300 3613 502 3688 Ecclesiam,
530 3615 713 3678 instruetur
743 3615 786 3679 de
816 3614 1205 3698 praeceptisreligionls
1231 3615 1416 3680 secundum

299 3729 385 3792 quae
404 3706 549 3772 victurus
570 3718 632 3772 est.
678 3707 779 3790 Quod
801 3709 866 3774 hoc
890 3719 968 3792 post
986 3711 1203 3773 vocationem
1226 3707 1350 3774 factum
1373 3712 1416 3775 sit

299 3824 377 3868 cum
389 3801 463 3866 filiis
477 3803 621 3879 Israelis,
636 3813 732 3886 patet
748 3825 766 3868 e
783 3804 1057 3887 promulgatione
1070 3803 1173 3886 Legis
1185 3824 1285 3885 super
1297 3803 1417 3869 Monte

300 3897 402 3972 Sinai,
426 3899 459 3960 in
482 3919 548 3980 qua
570 3899 684 3962 omnia
707 3909 890 3981 praecepta
912 3899 1036 3962 amoris
1058 3908 1094 3962 et
1121 3895 1224 3961 fideil¹¹
1247 3899 1282 3962 in
1305 3898 1417 3962 Deum

300 4003 335 4056 et
354 3993 468 4056 omnia
486 3994 610 4056 amoris
628 4003 664 4056 et
687 3993 859 4057 fidelitatis
878 4013 960 4076 erga
977 3993 1171 4076 proximum
1190 3994 1417 4058 continentur.

300 4088 383 4151 Post
397 4085 653 4152 instructionem
666 4089 708 4151 de
721 4089 955 4151 communibus
967 4089 1058 4152 vitae
1071 4097 1107 4150 et
1122 4085 1200 4151 fidei
1216 4089 1415 4170 praeceptis,

299 4181 504 4264 sequebatur
522 4182 697 4264 evulgatio
715 4181 857 4264 plurium
877 4181 991 4264 legum
1007 4203 1092 4265 quae
1111 4183 1321 4246 vocabantur
1338 4189 1358 4216 ‘⁴
1365 4181 1417 4264 ju·

299 4277 387 4340 dicia
395 4277 409 4302 ”
422 4288 457 4340 et
476 4277 664 4352 “statuta’'
676 4297 761 4359 quae
778 4287 875 4340 erant
890 4277 933 4340 de
949 4274 1224 4341 Sanitificatione
1241 4275 1416 4351 Sabbathi,

300 4373 342 4436 de
363 4371 475 4436 Festis
494 4373 605 4446 statis,
626 4372 668 4434 de
687 4369 875 4448 Sacrificils,
892 4371 935 4434 de
955 4370 1165 4445 Sacerdotio,
1181 4370 1224 4434 de
1243 4369 1417 4434 Taberna·

300 4467 387 4542 culo,
401 4467 443 4529 de
457 4465 558 4530 Cultu
571 4463 690 4528 sandto
702 4467 735 4528 in
748 4465 807 4528 illo
820 4476 855 4530 et
868 4486 967 4549 super
979 4466 1077 4530 altari
1090 4475 1190 4529 extra
1202 4464 1295 4540 illud,
1309 4465 1417 4548 deque

300 4561 560 4625 Comessatione
583 4581 628 4623 ex
651 4558 880 4636 sanctificatis,
904 4561 946 4624 de
974 4560 1163 4624 Ministerio
1187 4559 1358 4624 Aharonis
1382 4571 1417 4624 et

300 4655 460 4718 Filiorum
485 4655 564 4738 ejus,
584 4656 693 4739 deque
715 4655 834 4718 horum
855 4653 1003 4732 Amidtu,
1025 4655 1133 4738 deque
1152 4653 1417 4720 Consecratione
