3282 5294
636 685 688 737 DE
709 683 942 736 CHARITATE.
1195 676 1198 682 ’
1309 685 1349 755 25

287 852 346 919 Ex
361 854 413 919 his
435 863 532 937 patet
554 853 644 938 quod
667 854 771 919 homo
793 853 897 920 modo
919 855 963 920 sit
986 853 1094 920 forma
1108 855 1298 934 charitatis,
1315 866 1351 922 et

223 949 314 1032 quod
337 948 484 1014 charitas
507 951 551 1013 sit
575 949 712 1014 Domini
734 949 823 1031 apud
850 948 964 1029 illum;
987 959 1023 1014 et
1047 950 1138 1034 quod
1161 950 1281 1016 datum
1304 952 1349 1016 sit

222 1043 351 1110 homini
368 1041 499 1126 [agere]
517 1044 603 1108 sicut
619 1043 691 1126 ipse
707 1043 751 1108 sit
766 1043 925 1120 charitas,
941 1053 1082 1126 propter
1096 1043 1199 1109 finem
1215 1055 1252 1110 ut
1268 1063 1348 1128 pos·

224 1138 268 1202 sit
283 1135 353 1202 fieri
368 1136 629 1219 receptaculum,
647 1145 682 1201 et
698 1138 745 1201 sic
762 1138 795 1201 in
811 1135 1049 1220 conjunctione
1065 1139 1239 1221 reciproca
1259 1141 1347 1204 sicut

223 1251 244 1294 a
259 1251 306 1307 se,
323 1232 461 1296 tametsi
476 1251 496 1294 a
513 1231 672 1296 Domino.
764 1291 767 1298 .

223 1421 248 1474 4.
273 1421 429 1478 ouodlomo
446 1421 507 1475 talia
519 1423 603 1474 {orma
620 1420 756 1475 charitatis
772 1421 816 1482 ait,
833 1420 903 1476 citui
918 1420 1011 1476 burum
1030 1421 1169 1478 voluntatis
1186 1423 1350 1490 conjunctum

274 1527 282 1546 .
324 1497 778 1566 eetrorieiatallactueupudillum.

262 1675 266 1686 .
287 1623 399 1690 Omne
421 1625 608 1690 voluntatis
630 1634 773 1690 vocatur
801 1625 938 1700 bonum,
962 1634 998 1690 et
1021 1645 1122 1690 omne
1153 1623 1349 1691 intellectus

223 1739 350 1794 verum,
364 1721 441 1802 quia
453 1719 610 1784 voluntas
622 1729 675 1784 est
688 1721 721 1782 in
734 1719 847 1784 calore
859 1720 956 1794 coeli,
970 1729 1005 1784 et
1018 1717 1213 1785 intellectus
1225 1722 1258 1784 in
1275 1720 1349 1786 luce

223 1813 329 1892 coeli;
353 1825 389 1878 et
404 1815 492 1878 sicut
507 1813 667 1878 voluntas
683 1815 810 1896 absque
825 1811 1002 1878 intellectu
1026 1834 1095 1878 non
1118 1815 1224 1879 habet
1239 1815 1350 1898 quale,

223 1909 272 1974 ita
287 1929 356 1974 non
372 1918 487 1990 potest
504 1909 617 1972 vocari
632 1907 769 1991 aliquid,
785 1908 846 1971 sed
861 1909 896 1972 in
911 1905 1088 1972 intellectu
1103 1909 1228 1990 accipit
1252 1909 1351 1992 quale

225 2013 261 2066 et
276 2001 314 2067 fit
330 2002 467 2085 aliquid,
484 2013 519 2066 et
536 2001 722 2066 secundum
738 2003 829 2084 quod
845 2013 898 2067 est
914 2003 947 2066 in
964 2001 1140 2068 intellectu
1156 2002 1194 2067 fit
1207 2003 1277 2068 tale
1293 2015 1351 2068 aut

223 2096 304 2172 tale,
321 2117 381 2161 seu
396 2095 434 2160 fit
452 2095 577 2179 aliquid
602 2095 690 2179 [aut]
714 2096 861 2180 aliquid;
885 2098 933 2161 ita
955 2097 1083 2162 bonum
1107 2098 1236 2180 absque
1258 2119 1350 2172 vero,

224 2202 296 2256 tum
312 2192 439 2255 bonum
455 2210 531 2254 cum
548 2210 640 2255 vero.
1077 2187 1079 2198 '

229 2351 231 2357 ,
288 2283 402 2368 Quare
417 2305 499 2348 vera
514 2285 661 2367 genuina
683 2283 847 2349 discenda
862 2294 961 2364 sunt3
985 2303 1062 2350 cum
1085 2283 1150 2349 illis
1173 2285 1350 2368 conjungit

224 2399 260 2443 se
282 2379 409 2444 bonum
432 2377 630 2455 voluntatis,
653 2390 689 2443 et
712 2379 759 2444 sic
786 2378 824 2443 fit
854 2380 981 2444 bonum
1011 2379 1202 2444 voluntatis
1225 2381 1350 2445 bonum

225 2473 411 2538 charitatis.

288 2565 408 2632 Omnis
423 2568 570 2631 varietas
587 2567 763 2632 charitatis
778 2575 832 2632 est
847 2567 936 2644 inde,
953 2587 1012 2631 seu
1034 2587 1080 2631 ex
1096 2568 1184 2631 veris
1200 2568 1233 2631 in
1249 2567 1351 2633 intel·

224 2659 333 2741 lec'tu3
357 2682 473 2726 verum
489 2663 578 2725 enim
595 2663 627 2725 in
644 2682 704 2725 sua
719 2663 869 2725 essentia
884 2672 937 2725 est
958 2662 1095 2738 bonum,
1114 2671 1149 2726 et
1166 2681 1282 2725 verum
1298 2673 1351 2727 est
1453 2708 1455 2711 .

223 2755 330 2822 forma
345 2757 435 2831 boni,
453 2775 588 2838 prorsus
604 2757 690 2820 sicut
707 2754 842 2838 loquela
856 2767 910 2820 est
925 2755 1032 2821 forma
1048 2757 1132 2832 soni,
1149 2757 1241 2840 quod
1260 2755 1352 2821 illus-

225 2860 344 2915 tretur.

287 2944 397 3008 Datur
411 2943 518 3008 forma
533 2944 608 3008 soni
623 2943 763 3026 duplex,
779 2963 846 3008 una
861 2953 982 3008 cantus
998 2952 1034 3007 et
1050 2941 1159 3008 altera
1174 2941 1330 3026 loquelae
1343 2967 1350 3022 ;

223 3037 377 3102 similiter
392 3035 577 3102 allectionis
592 3040 662 3102 veri
685 3059 730 3102 ex
746 3039 847 3114 bono,
864 3059 924 3102 seu
946 3038 1144 3116 charitatis3
1167 3038 1210 3102 de
1233 3039 1352 3122 quibus

223 3141 354 3215 agetur.
399 3145 469 3196 N.B.

287 3224 461 3309 Quoniam
474 3227 521 3290 ita
536 3234 601 3302 est,
614 3225 692 3291 ideo
704 3223 830 3290 dictum
843 3235 907 3302 est,
921 3225 1012 3310 quod
1029 3227 1178 3290 charitas
1191 3227 1235 3290 sit
1251 3225 1351 3292 affec·

223 3321 272 3385 tio
286 3321 357 3384 veri
372 3341 418 3384 ex
431 3321 532 3396 bono,
546 3341 605 3384 seu
617 3317 751 3385 allectio
766 3322 835 3384 veri
848 3319 1029 3402 spiritualis
1042 3341 1049 3399 ;
1073 3321 1153 3384 inde
1165 3319 1203 3384 fit
1216 3315 1352 3386 affectio

222 3415 292 3478 veri
307 3414 483 3479 rationalis
498 3435 558 3479 seu
574 3415 722 3491 moralis,
735 3425 771 3479 et
787 3413 921 3479 affectio
932 3416 1003 3500 vcri
1015 3414 1122 3478 civilis
1135 3435 1194 3479 seu
1211 3425 1349 3480 natura·

145 3539 147 3542 ·
223 3507 275 3573 lis.

286 3603 371 3668 Inde
387 3613 440 3667 est
463 3602 554 3686 quod
569 3605 625 3686 qui
647 3605 681 3666 in
704 3603 871 3667 charitate
887 3612 978 3680 sunt,
995 3605 1028 3666 in
1052 3600 1129 3667 luce
1152 3605 1242 3682 sint;
1265 3613 1301 3668 et
1324 3606 1351 3668 si

222 3717 290 3762 non
306 3708 396 3772 sunt,
413 3697 503 3781 quod
527 3708 644 3762 ament
667 3697 798 3777 lucem;
822 3697 882 3760 lux
906 3707 959 3762 est
975 3717 1104 3772 verum,
1122 3708 1158 3762 et
1183 3697 1276 3762 calor
1298 3709 1351 3762 est

222 3792 369 3870 bonum;
393 3802 428 3855 et
452 3802 571 3855 notum
586 3802 639 3856 est
655 3792 746 3874 quod
762 3794 871 3856 omnis
887 3793 1063 3875 vegetatio
1079 3803 1115 3856 et
1137 3790 1353 3856 fructificatio

222 3887 265 3949 sit
281 3905 327 3950 ex
342 3887 434 3950 bono
448 3905 509 3968 per
523 3906 659 3966 verum3
682 3887 731 3950 ita
745 3906 879 3970 quoque
894 3887 1071 3969 vegetatio
1087 3895 1122 3949 et
1138 3883 1352 3951 fructificatio

223 3980 416 4062 spiritualis.

286 4072 354 4138 Sed
370 4075 426 4156 qui
442 4093 510 4138 non
526 4075 559 4138 in
576 4074 741 4139 charitate
757 4083 846 4150 sunt,
864 4093 933 4138 non
948 4082 1065 4138 amant
1080 4093 1197 4137 verum
1213 4075 1247 4137 in
1263 4074 1349 4150 luce,

223 4168 284 4234 sed
296 4179 438 4250 possunt
449 4187 563 4233 amare
576 4189 692 4233 verum
708 4171 741 4232 in
756 4169 895 4248 umbra;
912 4177 947 4232 et
964 4168 1028 4232 hoc
1038 4187 1156 4231 verum
1166 4179 1220 4232 est
1233 4187 1349 4232 verum

223 4261 301 4327 fidei
318 4263 435 4337 hodie,
454 4263 519 4328 hoc
542 4272 607 4338 est,
623 4264 714 4348 quod
737 4263 947 4328 credendum
970 4265 1013 4326 sit
1036 4261 1200 4337 verum,1¹1
1213 4265 1351 4326 tametsi

224 4377 293 4422 non
305 4357 439 4421 videtur
450 4355 626 4422 intellectu
639 4379 646 4436 ;
670 4359 717 4422 sic
730 4359 820 4422 enim
833 4366 950 4439 potest
961 4355 1083 4421 falsum
1095 4357 1209 4420 vocari
1221 4375 1350 4431 verum,

224 4459 259 4516 et
275 4471 321 4515 ex
337 4449 594 4522 confirmatione
610 4452 682 4535 ejus
697 4453 811 4518 vocari
826 4471 957 4530 verum,
974 4459 1011 4516 ut
1027 4449 1075 4516 fit.
