3322 5298
291 666 332 731 34
563 643 739 714 canon'ss
762 661 892 712 novas
914 661 1130 712 scccssms.

350 851 380 912 4
413 831 514 915 Quod
538 854 584 896 ex
607 842 701 897 statu
724 833 810 896 caeli
833 842 869 895 et
892 832 1011 896 inferni
1033 832 1067 896 in
1090 832 1218 896 mundo
1241 831 1407 915 spirituali

498 937 900 1010 cognoscaturquantum
909 928 1002 990 valet
1015 928 1142 991 bonurn
1155 947 1255 1009 super
1265 926 1405 1000 malum,

500 1034 559 1087 aut
593 1023 719 1086 malum
750 1024 1010 1105 superbonum,
1035 1024 1068 1085 in
1092 1023 1213 1100 terris;
1244 1024 1407 1105 quoniam

499 1119 609 1181 omnis
623 1118 727 1181 homo
740 1128 818 1199 post
835 1127 981 1180 mortem
995 1117 1167 1198 colligitur
1179 1118 1222 1180 ad
1236 1137 1325 1192 suos,
1339 1117 1406 1180 hoc

500 1221 564 1287 est,
585 1213 618 1275 in
642 1231 737 1274 suum
761 1211 887 1274 malum
911 1221 970 1276 aut
993 1210 1119 1274 bonum
1138 1213 1243 1284 venit,
1263 1231 1303 1274 ac
1326 1231 1406 1276 cae-

500 1307 569 1369 lum
582 1315 618 1370 et
634 1305 799 1369 infernum
815 1316 894 1368 sunt
913 1327 959 1369 ex
975 1305 1125 1369 humano
1141 1326 1277 1388 genere.

355 1415 381 1482 5.
407 1398 507 1483 Quod
524 1400 589 1464 hoc
606 1417 819 1483 nequaquam
836 1401 944 1481 possit
960 1401 1122 1482 cognosci
1139 1401 1172 1462 in
1189 1400 1287 1463 terris
1303 1419 1407 1482 prop·

500 1505 553 1559 ter
572 1494 698 1558 multas
718 1514 847 1556 causas.

352 1589 382 1652 6.
415 1587 515 1671 Quod
535 1591 624 1652 inter
639 1587 771 1652 caelum
788 1599 823 1652 et
842 1588 1007 1652 infernum
1026 1589 1071 1652 sit
1090 1588 1322 1662 interstitium,
1339 1607 1408 1671 quo

501 1683 628 1746 malum
652 1704 697 1763 ex
720 1683 849 1746 inserno
872 1682 1074 1746 exhalatum
1097 1683 1265 1759 ascendit,
1285 1691 1321 1746 et
1343 1682 1407 1745 bo·

502 1797 581 1842 num
600 1799 619 1842 e
638 1777 735 1840 caelo
753 1778 942 1846 descendit.
963 1787 999 1841 et
1018 1779 1081 1841 sibi
1100 1778 1254 1841 obviant.

353 1889 382 1956 7.
411 1872 512 1956 Quod
525 1875 559 1936 in
570 1873 682 1936 medio
694 1873 869 1936 interstitii
882 1874 926 1936 sit
937 1873 1170 1955 aequilibrium
1180 1873 1270 1936 inter
1279 1872 1407 1936 bonum

502 1977 538 2031 et
557 1966 694 2030 malum.

354 2065 383 2126 8.
415 2061 516 2144 Quod
535 2083 580 2126 ex
600 2061 667 2125 hoc
691 2061 888 2144 aequilibrio
911 2070 1141 2142 cognoscatur
1159 2071 1325 2143 quantum
1344 2061 1408 2124 bo-

501 2175 582 2219 num
611 2155 704 2218 valet
734 2165 857 2219 contra
881 2155 1019 2230 malurn,
1043 2165 1102 2220 aut
1131 2155 1259 2218 malum
1287 2165 1410 2219 contra

502 2251 639 2314 bonum.

353 2364 383 2429 9.
415 2343 517 2428 Quod
537 2344 704 2408 Dominus
723 2344 757 2407 id
775 2342 821 2408 ibi
840 2343 1008 2427 ponderet
1027 2343 1114 2406 sicut
1134 2343 1167 2405 in
1187 2343 1281 2407 libra.

337 2457 384 2506 10.
416 2439 517 2524 Quod
530 2439 762 2522 aequilibrium
778 2439 861 2502 illud
873 2459 990 2502 versus
1005 2438 1138 2502 caelum
1155 2439 1308 2502 elevetur
1321 2439 1409 2502 sicut

503 2535 629 2597 malum
656 2533 749 2597 valet
781 2543 902 2598 contra
931 2534 1072 2608 bonum,
1100 2543 1136 2597 et
1170 2534 1261 2616 quod
1291 2553 1410 2596 versus

502 2629 668 2693 infernum
688 2629 897 2711 deprimatur
916 2629 1002 2692 sicut
1026 2627 1153 2692 bonurn
1171 2627 1265 2691 valet
1286 2637 1410 2691 contra

502 2723 650 2802 malum3
681 2725 805 2806 quippe
824 2724 951 2787 bonum
974 2743 993 2786 e
1016 2721 1113 2786 caelo
1130 2723 1288 2805 deprimit
1312 2721 1408 2797 illud,

502 2828 538 2882 et
558 2817 684 2881 malurn
704 2839 749 2880 ex
768 2817 898 2880 inferno
916 2817 1031 2880 elevat
1050 2815 1143 2880 illud.

336 2931 384 2978 11.
416 2911 518 2996 Quod
541 2912 773 2994 aequilibrium
797 2912 879 2976 illud
902 2913 947 2974 sit
970 2913 1057 2974 sicut
1076 2909 1264 2974 scabellum
1283 2911 1410 2992 pedum

502 3007 634 3088 angelis
650 3007 747 3081 caeli,
762 3009 794 3069 in
812 3006 902 3089 quod
921 3005 1055 3069 illorum
1072 3005 1198 3068 bonum
1217 3005 1354 3082 desinit,
1371 3017 1409 3069 et

503 3121 603 3184 super
618 3121 685 3183 quo
704 3102 869 3164 subsistit.

338 3213 385 3261 12.
416 3193 518 3278 Quod
535 3196 719 3259 secundum
732 3196 875 3278 gradum
888 3215 955 3277 quo
967 3193 1199 3276 aequilibrium
1216 3193 1298 3257 illud
1309 3191 1409 3258 ¹¹¹ele·

503 3300 612 3366 vatur,
624 3289 768 3353 felicitas
784 3289 984 3371 angelorum
997 3288 1093 3364 caeli,
1105 3309 1150 3380 ex
1166 3289 1265 3352 bonis
1280 3299 1316 3353 et
1328 3289 1409 3352 inde

503 3385 590 3448 veris
606 3383 751 3460 illorum,
769 3384 985 3447 diminuatur.

338 3497 386 3562 13.
417 3477 519 3562 Quod
532 3497 609 3542 cum
622 3478 748 3542 malum
761 3479 854 3542 valet
867 3487 989 3541 contra
1001 3477 1127 3540 bonum
1141 3477 1174 3540 in
1188 3477 1297 3552 terris,
1308 3477 1409 3540 simul

503 3581 584 3637 tunc
604 3573 769 3636 infernum
788 3572 903 3636 valeat
922 3581 1043 3636 contra
1062 3571 1204 3635 caelum.

339 3687 386 3749 14.
417 3665 519 3750 Quod
532 3688 576 3732 ex
590 3667 642 3730 his
655 3677 774 3750 pateat
784 3667 875 3750 quod
888 3665 962 3730 finis
976 3667 1142 3730 ecclesiae
1154 3667 1260 3730 instet
1270 3666 1410 3748 quando

265 3757 269 3764 ’
503 3764 660 3846 potentia
679 3762 758 3825 mali
781 3762 874 3825 valet
901 3781 1001 3844 super
1027 3763 1219 3844 potentiam
1238 3761 1330 3824 boni.

339 3873 386 3941 15.
418 3858 550 3922 Dicitur
568 3857 723 3940 potentia
741 3856 821 3920 boni
840 3877 899 3938 per
914 3877 1004 3931 vera,
1021 3865 1057 3919 et
1076 3856 1232 3938 potentia
1251 3855 1332 3918 mali
1349 3873 1412 3938 per

504 3952 598 4027 salsa,
623 3951 782 4034 quoniam
806 3952 960 4033 potentia
986 3950 1077 4015 bono
1100 3959 1154 4015 est
1176 3969 1236 4034 per
1257 3969 1348 4026 vera,
1373 3958 1412 4012 et

504 4049 659 4132 potentia
678 4046 769 4110 malo
788 4056 841 4111 est
860 4067 920 4130 per
937 4045 1031 4110 salsa.
