3288 5294
610 681 661 735 DE
683 681 915 734 CHARITATE.

202 857 354 930 peccata.
395 862 424 910 2.
448 845 623 930 Quantum
646 849 710 914 scit
733 859 768 914 et
791 850 969 932 cognoscit
991 860 1133 935 peccata
1156 871 1320 935 quaenam

202 952 290 1005 sunt.
336 957 363 1022 3.
388 941 434 1005 Et
450 951 613 1024 quantum
629 943 749 1007 viderit
767 942 824 1006 illa
839 945 927 1025 apud
943 965 991 1020 se,
1007 954 1043 1009 et
1058 945 1230 1009 confessus
1252 945 1320 1018 iila,

202 1045 237 1098 et
253 1036 498 1116 poenitentiam
514 1037 633 1118 egerit.
678 1035 774 1102 Haec
790 1047 869 1102 sunt
892 1038 995 1102 cuivis
1018 1039 1140 1102 indicia
1160 1038 1267 1121 qualis
1290 1039 1320 1102 ei
1438 1107 1440 1110 ,

202 1129 349 1193 charitas
364 1139 428 1193 est.

219 1355 228 1368 .
254 1317 443 1386 conmutaret·
453 1319 522 1386 quod
534 1319 644 1386 primum
655 1319 790 1374 charitatis
801 1319 838 1374 ait
851 1325 970 1388 apertura
987 1320 1168 1377 adnumerum
1185 1325 1213 1375 at
1229 1323 1319 1389 rupere

299 1395 368 1447 mutu
379 1395 440 1462 quia
448 1400 558 1462 peccatu
569 1399 638 1448 suut.

265 1517 376 1584 Omne
392 1521 516 1586 bonum
533 1523 622 1604 quod
638 1522 742 1588 homo
763 1521 843 1587 iacit
864 1523 1020 1604 proximo
1043 1532 1182 1604 propter
1204 1525 1319 1605 proxi-

201 1631 303 1689 mum,
317 1633 375 1678 seu
391 1626 529 1697 propter
545 1636 660 1679 verum
676 1626 711 1679 et
727 1617 863 1692 bonum,
877 1617 924 1680 ita
940 1627 1078 1698 propter
1093 1617 1183 1698 quod
1200 1637 1318 1680 secun·

201 1707 280 1771 dum
294 1706 444 1772 Verbum
460 1719 523 1785 est,
540 1730 599 1774 seu
615 1721 753 1791 propter
768 1710 976 1792 religionem.
989 1711 1037 1774 ita
1048 1719 1187 1794 propter
1198 1710 1318 1784 Deum,

200 1803 249 1865 ita
276 1801 366 1884 quod
392 1822 508 1867 amore
535 1823 593 1867 seu
619 1801 796 1868 affeetione
822 1803 996 1886 spirituali,
1023 1814 1164 1868 vocatur
1193 1804 1318 1868 bonum

200 1896 375 1960 charitatis
390 1915 449 1959 seu
465 1897 590 1960 bonurn
606 1917 699 1978 opus.
733 1895 844 1961 [¹¹Hoe
861 1917 928 1960 non
944 1907 997 1961 est
1013 1897 1138 1961 bonum
1155 1907 1317 1979 quantum

200 1991 304 2054 trahit
322 2009 368 2053 ex
390 1989 537 2064 homine,
554 1991 613 2054 sed
630 2000 793 2073 quantum
808 2011 852 2055 ex
866 1985 1034 2054 [momine
1050 2011 1109 2072 per
1124 1991 1317 2069 hominem;

201 2083 366 2148 Dominus
381 2084 506 2147 bonum
522 2083 600 2148 iacit
616 2085 744 2167 cuique,
761 2085 923 2167 imprimis
945 2105 1005 2166 per
1020 2085 1114 2161 alios,
1131 2086 1191 2148 sed
1215 2105 1318 2167 usque

199 2180 258 2255 ita,
272 2177 363 2260 quod
379 2177 482 2242 homo
494 2178 553 2240 vix
566 2178 664 2241 aliter
675 2179 760 2242 sciat
772 2197 872 2260 quam
885 2179 975 2260 quod
991 2199 1035 2242 ex
1051 2199 1087 2242 se
1100 2200 1108 2257 ;
1129 2199 1230 2261 quare
1246 2181 1318 2261 agit

199 2273 333 2354 saepius
348 2272 468 2352 impios
483 2271 526 2336 ad
548 2271 737 2335 iaciendum
752 2272 878 2336 bonurn
893 2271 977 2348 aliis,
993 2272 1053 2335 sed
1075 2292 1120 2336 ex
1143 2269 1318 2338 affeetione

198 2367 322 2430 amoris
338 2365 388 2428 sui
403 2375 438 2429 et
460 2365 594 2445 mundi;
617 2366 681 2429 hoc
698 2366 823 2429 bonurn
839 2365 973 2448 quidem
989 2376 1049 2436 est
1066 2365 1202 2430 Domini
1225 2387 1318 2430 seua

200 2459 360 2536 Domino,
377 2459 437 2523 sed
452 2459 556 2524 homo
571 2480 639 2523 non
652 2470 831 2542 propterea
846 2469 1076 2524 remuneratur
1093 2481 1100 2538 ;
1124 2470 1159 2523 at
1172 2460 1198 2522 si
1214 2459 1318 2524 homo
1350 2487 1353 2494 ·

199 2574 268 2619 non
290 2574 335 2618 ex
362 2573 477 2616 amore
503 2573 562 2616 seu
588 2550 764 2618 affectione
791 2573 882 2617 mere
909 2553 1053 2617 naturali
1078 2552 1168 2628 iacit,
1186 2553 1245 2616 sed
1271 2573 1317 2617 ex

198 2666 313 2712 amore
336 2667 396 2711 seu
418 2643 594 2710 affeetione
617 2647 791 2728 spirituali,
814 2656 1064 2724 remuneratum
1092 2648 1317 2711 remuneratio

198 2752 251 2805 est
264 2739 447 2822 jucundum
463 2739 613 2806 coeleste
629 2740 715 2803 illius
731 2741 854 2804 amoris
869 2749 905 2804 et
928 2737 1121 2815 affeEtionis,
1138 2740 1228 2822 quod
1244 2761 1316 2804 ma·

199 2845 257 2899 net
280 2835 374 2898 illum
397 2835 429 2897 in
445 2844 631 2908 aeternum,
648 2843 683 2898 et
705 2834 770 2898 hoc
786 2843 949 2916 quantum
972 2854 1017 2897 ex
1040 2853 1076 2897 se
1092 2853 1159 2896 non
1175 2833 1208 2896 id
1224 2833 1314 2909 iacit,

198 2929 263 2994 hoc
279 2937 343 3004 est,
357 2937 519 3010 quantum
536 2927 642 2992 credit
655 2927 744 3010 quod
760 2928 998 2993 omnebonum
1011 2928 1055 2990 sit
1070 2946 1091 2990 a
1107 2925 1264 3002 Domino,
1277 2938 1313 2992 et

198 3043 265 3087 non
282 3023 378 3104 ponit
394 3022 550 3085 meritum
566 3023 598 3084 in
614 3041 666 3086 eo.
750 3103 755 3112 ¹

261 3113 363 3198 Quod
385 3135 486 3179 nemo
502 3115 609 3197 possit
631 3115 757 3179 bonum
772 3114 881 3179 iacere
896 3115 986 3198 quod
1009 3115 1135 3179 bonum
1150 3124 1203 3179 est
1226 3135 1246 3178 a
1268 3136 1315 3191 se,

198 3209 258 3272 sed
274 3209 364 3291 quod
380 3220 543 3292 quantum
558 3209 662 3273 homo
677 3209 761 3292 sugit
778 3208 867 3272 mala
889 3218 926 3273 ut
949 3218 1100 3290 peccata,
1118 3218 1251 3272 tantum
1267 3209 1315 3272 ia·

198 3303 264 3367 ciat
288 3303 377 3366 bona
393 3321 461 3366 non
477 3324 497 3366 a
512 3323 548 3366 se
564 3302 624 3366 sed
643 3324 663 3365 a
679 3303 837 3378 Domino,
854 3303 1007 3366 videatur
1022 3303 1055 3364 in
1070 3301 1234 3365 Dobirina
1257 3302 1315 3366 Vi-

198 3407 250 3460 ται
259 3407 325 3478 pro
336 3396 434 3460 Nova
444 3396 677 3479 Hierosolyma
690 3417 732 3460 ex
738 3397 924 3478 praeceptis
935 3395 1095 3478 Decalogu‘
1110 3393 1157 3477 (n.
1169 3411 1262 3476 9-17,
1279 3406 1315 3460 et

198 3489 376 3573 n.18-31).
608 3501 613 3514 ·

260 3584 317 3648 Ex
333 3585 451 3669 quibus
467 3594 574 3666 patet,
591 3585 682 3668 quod
697 3594 777 3648 ante
794 3583 1039 3666 poenitentiam
1055 3602 1122 3647 non
1146 3584 1190 3646 sit
1206 3583 1313 3646 chari·

197 3690 249 3744 tas
266 3678 358 3760 cujus
370 3679 496 3742 bonum
512 3689 565 3743 est
581 3700 601 3742 a
617 3679 775 3754 Domino,
788 3677 848 3741 sed
861 3678 903 3742 ab
915 3677 1071 3754 homine;
1094 3686 1130 3741 at
1143 3687 1220 3758 post
1232 3697 1314 3758 poe·

197 3774 379 3838 nitentiam
395 3771 433 3837 fit
449 3773 594 3836 charitas
607 3772 698 3855 cujus
713 3773 839 3836 bonum
852 3791 919 3836 non
935 3781 988 3836 est
1000 3772 1044 3834 ab
1059 3771 1205 3845 homine,
1219 3771 1278 3833 sed
1294 3790 1315 3833 a

196 3866 366 3944 Domino;
390 3867 563 3930 nonenim
580 3876 694 3948 potest
712 3865 876 3942 Dominus
891 3866 1016 3929 intrare
1039 3863 1127 3946 apud
1142 3864 1312 3927 hominem

195 3971 231 4024 et
247 3961 382 4043 aliquod
397 3961 524 4024 bonum
539 3960 648 4023 iacere
664 3979 684 4023 a
700 3959 743 4024 Se
760 3979 819 4041 per
834 3958 938 4035 illum,
951 3969 1133 4040 antequam
1150 3956 1313 4032 diabolus,

196 4055 261 4119 hoc
278 4064 331 4118 est
354 4053 490 4128 maium,
507 4051 632 4135 ejeetus
655 4063 719 4129 est,
736 4053 796 4117 sed
819 4062 999 4134 postquam
1021 4047 1147 4134 ejee'tus
1167 4060 1240 4128 est;
1264 4051 1314 4113 di·

195 4148 314 4214 abolus
329 4167 389 4230 per
404 4148 647 4230 poenitentiam
664 4147 801 4229 ejicitur,
818 4167 885 4229 quo
907 4143 1014 4230 ejeDo
1029 4146 1133 4208 intrat
1150 4143 1314 4207 Dominus

195 4253 231 4308 et
253 4243 333 4306 iacit
356 4241 482 4306 bonum
504 4241 548 4305 ibi
571 4261 630 4324 per
645 4241 827 4316 hominem,
845 4240 904 4304 sed
927 4259 1031 4322 usque
1053 4257 1186 4319 semper
1208 4239 1256 4301 ita
1276 4247 1314 4302 ut

195 4337 299 4402 homo
322 4356 390 4400 non
413 4337 575 4418 percipiat
591 4335 688 4399 aliter
710 4354 810 4417 quarn
833 4333 923 4418 quod
944 4335 978 4397 id
1000 4333 1100 4397 iaciat
1123 4352 1168 4395 ex
1190 4351 1236 4407 33,
1254 4331 1314 4394 sed

196 4451 300 4514 usque
315 4431 401 4494 sciat
416 4430 506 4512 quod
522 4431 565 4494 sit
580 4449 601 4493 a
617 4429 773 4495 Domino.

258 4525 316 4588 Ex
339 4524 390 4587 his
413 4544 500 4587 nunc
524 4533 630 4606 patet,
654 4524 744 4606 quod
766 4523 909 4606 primum
932 4521 1106 4586 charitatis
1128 4520 1173 4584 sit
1198 4518 1313 4600 sugere

197 4617 285 4683 mala
300 4626 338 4682 ut
361 4628 511 4700 peccata,
529 4618 617 4701 quod
641 4617 678 4682 fit
701 4637 760 4700 per
781 4616 1036 4700 poenitentiam.
1081 4611 1165 4698 Quis
1181 4632 1248 4676 non
1265 4611 1314 4676 vi·
