3322 5298
237 656 281 736 64
522 670 699 723 canonas
722 671 851 723 novas
874 672 1089 725 scenasrna.

366 836 468 918 Quod
486 839 637 903 Trinitas
655 841 831 904 nominata
849 841 894 904 sit
913 861 933 904 a
952 841 1121 920 Domino;

365 931 466 1013 Quod
486 933 636 997 Trinitas
658 935 851 1016 apparuerit
875 954 951 999 cum
976 935 1141 999 Dominus
1159 935 1355 1018 baptizatus

448 1037 501 1090 est
513 1048 521 1106 ;

348 1147 350 1156 ·
365 1119 467 1201 Quod
480 1123 549 1184 sint
559 1127 658 1185 “tres
670 1123 726 1205 qui
738 1121 966 1186 testificantur
978 1125 1010 1186 in
1024 1122 1131 1197 caelo,
1144 1122 1255 1200 Pater,
1265 1121 1354 1187 Ver·

449 1215 540 1290 bum,
560 1226 596 1279 et
616 1215 759 1299 Spiritus
778 1215 923 1282 Sanctus
936 1217 962 1295 ;'’

367 1307 468 1391 Quod
479 1310 634 1391 Jehovah
649 1311 741 1375 Deus
756 1312 893 1387 dixerit,
907 1312 1115 1376 “Faciamus
1131 1311 1304 1376 hominem
1320 1313 1354 1376 in

448 1406 631 1488 imaginem
651 1416 687 1470 et
706 1407 959 1470 similitudinem
979 1417 1132 1471 nostram
1145 1407 1171 1486 ;”

367 1497 469 1580 Quod
487 1520 602 1564 coram
621 1499 823 1564 Abrahamo
841 1511 912 1565 tres
930 1501 1055 1584 angeli,
1068 1503 1123 1584 qui
1142 1501 1256 1565 vocati
1275 1511 1354 1565 sunt

448 1593 614 1676 Jehovah,
632 1597 849 1678 apparuerint
862 1617 869 1673 ;

366 1686 467 1769 Quod
487 1689 521 1750 in
538 1688 655 1752 Verbo
667 1691 808 1765 Novo,a
827 1690 976 1753 Domino
994 1690 1083 1773 apud
1103 1689 1353 1772 Evangelistas,

449 1791 487 1844 et
501 1783 545 1845 ab
561 1782 726 1864 apostolis
742 1785 776 1846 in
792 1782 968 1865 Epistolis,
982 1784 1158 1848 multoties
1175 1786 1355 1847 nominen-

450 1885 506 1938 tur
528 1876 638 1950 Pater,
664 1875 778 1952 Filius,
801 1888 837 1940 et
860 1876 1004 1961 Spiritus
1026 1877 1184 1954 Sanctus,
1204 1888 1240 1942 et
1263 1877 1355 1961 quod

450 1970 495 2033 ibi
514 1989 582 2033 non
602 1971 734 2034 dicatur
752 1971 842 2054 quod
862 1991 964 2034 unum
984 1973 1062 2035 sint.

367 2119 456 2185 Tum
478 2122 569 2204 quod
593 2121 676 2186 fides
698 2124 901 2206 imputativa
924 2124 1034 2187 meriti
1054 2122 1191 2198 Christi,
1209 2133 1245 2188 et
1264 2123 1355 2206 quod

450 2216 534 2281 haec
551 2215 635 2281 fides
652 2219 748 2281 unice
764 2217 913 2282 salvifica
930 2220 994 2295 sit;
1017 2227 1054 2282 et
1070 2218 1160 2300 quod
1177 2217 1355 2282 charitatis

450 2331 554 2392 opera
565 2311 609 2373 ad
622 2311 767 2375 salutem
782 2331 849 2374 non
863 2311 1067 2375 conducant.
1102 2311 1252 2376 Accedit
1263 2313 1355 2396 quod

451 2425 547 2467 mens
565 2406 773 2469 ratiocinans
793 2404 860 2468 illis
883 2407 990 2487 possit
1013 2405 1139 2468 addere
1162 2426 1240 2468 suas
1263 2425 1355 2487 sym·

450 2499 559 2574 boias,
579 2509 615 2563 et
634 2499 852 2563 constabilire
870 2499 938 2562 illa.

307 2657 333 2726 5.
366 2641 467 2724 Quod
494 2643 555 2706 illa
582 2644 696 2706 omnia
722 2653 758 2707 et
787 2643 921 2726 singula
948 2662 1015 2706 non
1044 2643 1175 2725 possint
1203 2652 1241 2706 ut
1270 2641 1356 2706 salsa

451 2737 567 2812 videri,
584 2747 619 2800 et
635 2737 682 2800 sic
699 2737 863 2820 dissipari,
878 2738 940 2800 nisi
957 2738 1044 2800 ratio
1060 2735 1231 2800 illustrata
1246 2758 1267 2799 a
1283 2737 1355 2800 Do·

452 2832 544 2894 mino
557 2852 616 2913 per
629 2830 779 2893 Verbum
793 2829 971 2895 confirmet
985 2831 1074 2913 quod
1092 2831 1185 2893 Deus
1198 2851 1282 2894 unus
1298 2833 1354 2906 sit,

452 2935 487 2988 et
506 2925 596 3008 quod
616 2923 808 3006 conjundiio
827 2923 1004 2988 charitatis
1023 2935 1058 2987 et
1078 2923 1155 2987 fidei
1174 2927 1228 2988 sit.

304 3015 334 3082 6.
367 3015 467 3101 Quod
486 3039 562 3082 cum
582 3021 630 3082 ita
648 3017 697 3094 fit,
715 3029 833 3101 pateat
853 3018 944 3083 clare
967 3019 1056 3102 quod
1081 3018 1259 3100 theologia
1280 3017 1356 3082 sun·

452 3113 535 3177 data
557 3133 656 3195 super
679 3115 833 3177 trinitate
856 3131 1087 3196 personarum,
1106 3133 1247 3195 quarum
1271 3133 1356 3177 una-

453 3209 591 3291 quaevis
606 3217 659 3271 est
679 3207 783 3281 Deus,
800 3217 836 3271 et
852 3227 952 3289 super
969 3206 1034 3270 fide
1050 3208 1268 3289 appropriata
1285 3209 1356 3270 cui·

452 3304 503 3364 vis
522 3301 730 3383 singulatim,
751 3311 786 3364 et
809 3321 908 3383 super
927 3301 1104 3364 charitatis
1128 3301 1221 3364 nullo
1239 3301 1357 3366 valore

452 3395 671 3469 adsalutem,
691 3393 917 3458 falsificaverit
937 3405 1048 3459 totum
1068 3393 1240 3473 Verbum;
1264 3396 1356 3477 prin-

453 3490 609 3573 cipaliter
624 3491 701 3572 quia
716 3491 801 3552 haec
818 3491 892 3564 tria,
911 3489 1014 3564 Deus,
1031 3489 1191 3565 charitas,
1209 3501 1244 3554 et
1261 3489 1356 3566 fides,

453 3585 551 3648 simul
568 3595 647 3648 sunt
664 3584 863 3648 universalia
880 3583 1062 3666 religionis,
1080 3585 1123 3648 ad
1140 3605 1226 3668 quae
1242 3587 1358 3650 omnia

453 3689 489 3744 ct
512 3679 645 3762 singula
664 3679 779 3756 Verbi,
800 3689 835 3742 et
858 3678 936 3742 inde
959 3677 1045 3743 caeli
1067 3689 1102 3742 et
1122 3678 1298 3755 ecclesiae,
1319 3699 1357 3746 se

453 3775 612 3839 referunt.

307 3956 336 4021 7.
369 3942 452 4005 Inde
475 3939 620 4006 resultat
650 3939 715 4006 hoc
746 3957 895 4015 enorme,
919 3939 1010 4023 quod
1034 3939 1262 4016 confirmator,
1282 3941 1357 4004 ubi·

243 4057 375 4121 cunque
399 4037 481 4118 legit
507 4037 652 4109 Patrem,
672 4045 731 4099 aut
755 4034 888 4108 Filium,
913 4045 971 4098 aut
996 4033 1156 4117 Spiritum
1181 4033 1356 4110 Sanetum,

243 4133 348 4194 immo
364 4131 553 4214 ubicunque
570 4131 654 4212 legit
667 4129 821 4211 Jehovah
835 4140 869 4193 et
884 4129 1005 4205 Deum,
1020 4133 1152 4212 cogitet
1168 4141 1237 4194 tres
1250 4131 1355 4205 Deos,

243 4227 321 4308 quia
340 4243 441 4288 unum
462 4246 506 4288 ex
526 4227 654 4304 tribus;
678 4233 750 4288 turn
775 4225 963 4306 ubicunque
983 4225 1067 4307 legit
1091 4223 1202 4300 fidem,
1222 4226 1356 4306 cogitet

243 4337 311 4382 non
328 4319 428 4382 aliam
445 4339 546 4402 quam
563 4319 800 4402 imputativam
817 4319 928 4382 meriti
945 4319 1090 4396 Christi;
1114 4329 1150 4382 et
1167 4320 1357 4403 ubicunque

243 4413 328 4496 legit
351 4415 564 4488 charitatem,
589 4415 721 4496 cogitet
744 4412 837 4476 illam
861 4431 929 4477 non
957 4413 1082 4496 aliquid
1106 4409 1284 4476 ¹¹¹conserre
1312 4413 1356 4476 ad

243 4509 399 4584 salutem,
424 4519 482 4574 aut
509 4509 587 4575 loco
616 4508 686 4590 ejus
712 4507 806 4572 illam
833 4507 944 4572 fidem.
1001 4507 1222 4572 Confirmatio
1248 4505 1354 4572 semel

242 4599 372 4667 imbuta
392 4603 457 4668 hoc
474 4623 588 4668 secum
605 4603 678 4668 lert.
