3288 5294
402 679 450 731 ET
473 679 557 746 EJUS
580 617 779 732 Doctitnva
801 677 1074 730 cautesve—N.
1093 663 1165 728 262.
1281 674 1339 745 151

279 846 376 904 Causa
388 849 469 920 quod
489 848 590 904 omnia
601 857 632 904 et
647 848 772 920 singula,
785 863 863 918 quae
878 848 907 902 in
926 847 1073 918 spirituali
1089 847 1203 900 mundo
1221 855 1299 908 sunt,
1313 844 1343 899 in

226 919 351 973 naturali
365 929 630 990 repraesententur,
640 929 686 974 est
720 919 769 974 uia
778 919 928 974 internum
940 935 973 974 se
986 918 1084 973 induit
1095 915 1344 972 convenientibus

225 987 256 1042 in
278 1001 409 1050 externo,
432 1005 484 1060 per
501 1005 577 1061 quae
598 1006 631 1046 22
651 989 708 1046 visi
730 989 768 1045 ile
788 989 875 1045 sistat
896 998 927 1044 et
945 999 1085 1060 appareat
1109 989 1149 1056 (2.
1167 987 1245 1056 6275,
1264 985 1343 1052 6284

224 1057 325 1184 629ΐί2
337 1128 405 1184 finis
417 1145 449 1184 22
460 1129 558 1185 126212
567 1129 814 1186 convenientibus
826 1139 860 1184 ut
872 1145 904 1185 se
916 1129 1003 1184 sistat
1016 1139 1050 1182 ut
1062 1143 1151 1182 causa
1163 1127 1192 1181 in
1204 1125 1343 1182 inferiore

224 1199 357 1270 sphaera,
370 1211 401 1254 et
419 1201 487 1254 dein
507 1211 540 1254 ut
559 1216 591 1255 se
606 1200 692 1255 sistat
710 1209 744 1254 ut
762 1198 886 1254 effeetus
900 1199 929 1253 in
944 1199 1043 1254 adhuc
1060 1197 1213 1260 interiore;
1231 1207 1342 1252 etcum

223 1268 292 1324 tinis
317 1285 369 1340 per
386 1285 505 1326 causam
532 1270 566 1325 fit
587 1268 720 1348 2626122,
742 1279 814 1326 2222
839 1269 873 1324 112
896 1269 1022 1325 visibilis
1046 1285 1098 1324 seu
1123 1283 1223 1333 coram
1248 1267 1343 1342 oculis

223 1341 516 1466 ξιρρ1ἓ·11ῐιῗ2ῑ2(ῗ113272111322
528 1427 580 1482 per
590 1409 733 1465 influxum
743 1410 859 1466 animae
872 1409 901 1464 in
911 1425 1027 1480 corpus,
1037 1409 1117 1480 quod
1129 1423 1235 1478 nempe
1244 1407 1345 1463 anima

224 1480 366 1534 induatur
383 1481 492 1536 talibus
513 1481 542 1534 in
564 1497 698 1564 corpore,
713 1496 766 1564 per
783 1497 859 1564 quae
877 1481 979 1535 omnia
997 1497 1073 1563 quae
1094 1479 1208 1550 cogitat
1230 1478 1343 1560 etvult

223 1561 351 1620 possunt
368 1567 510 1621 apparere
528 1561 558 1606 et
568 1551 724 1607 visibiliter
736 1561 814 1613 sisti:
833 1567 924 1622 quare
942 1567 959 1606 c
1010 1561 1086 1605 tatio
1101 1565 1168 1604 cum
1188 1549 1294 1603 6211212
1312 1565 1343 1602 12

222 1633 598 1761 ξὲἑξιὲῗῃῖεδῗξξὲἓιὶαιω
616 1637 669 1692 per
689 1622 764 1678 tales
781 1633 886 1694 gestus
906 1631 938 1677 et
1000 1619 1132 1676 26112222
1150 1635 1227 1691 quae
1245 1634 1343 1674 corre·

279 1759 437 1816 Manifesta
452 1760 632 1823 2626112222,
645 1777 721 1833 quae
735 1763 843 1823 mentis
858 1771 936 1824 sunt,
949 1770 1210 1832 repraesentantur
1223 1759 1252 1814 in
1267 1757 1344 1816 iacie

223 1847 277 1902 per
290 1831 387 1887 varios
399 1833 463 1902 ejus
474 1833 581 1894 vultus,
594 1833 671 1887 adeo
682 1842 717 1886 ut
730 1833 770 1886 ibi
783 1833 941 1887 videantur
966 1849 994 1886 2.
1002 1832 1169 1901 4791-4825,
1182 1829 1270 1900 5695).
1291 1901 1293 1904 v

223 1900 357 2027 caulsgdei
370 1912 462 2028 ἓξὲξ
473 1902 804 2040 ἓυίἳῗῒὲἓίοῐιιιὶιιιιιῐίιὶέιὲ2ὧ2
818 1903 1091 2042 2ἒιὲξ2151ῗῃ)222122
1109 1902 1201 1956 lateat
1220 1899 1344 1956 interius

278 2040 427 2114 Quoniam
447 1988 590 2114 illapquae
609 2043 637 2097 in
659 2041 772 2098 Natura
790 1987 868 2106 st13nt,
882 2015 979 2097 ultimi
991 2013 1122 2099 'elicitus
1141 2051 1219 2104 sunt,
1235 2039 1343 2112 quibus

224 2112 328 2167 122222
340 2113 438 2183 priora
452 2116 491 2182 (n.
504 2128 582 2180 4242,
595 2127 674 2182 4939,
689 2125 765 2183 5251,
778 2113 856 2182 6275,
869 2113 947 2179 6284,
960 2113 1038 2183 6299,
1052 2113 1143 2182 9216).

222 2181 503 2323 Μὲιέῗιῖἐηὲξὲιέῗ
515 2185 576 2240 sint
590 2199 666 2255 quae
679 2193 947 2254 repraesentantur,
960 2193 993 2239 et
1003 2195 1126 2240 externa
1139 2197 1215 2254 quae
1228 2193 1344 2252 reprae-

280 2370 428 2445 Quoniam
440 2373 541 2428 omnia
553 2372 583 2427 in
597 2371 712 2428 Natura
724 2373 976 2444 repraesentativa
985 2373 1181 2444 spiritualium
1194 2385 1225 2430 et
1234 2375 1344 2432 caeles·

222 2443 300 2498 tium
314 2453 391 2505 sunt,
402 2445 482 2513 quod
497 2443 565 2498 ideo
576 2444 707 2514 antiquis
720 2444 904 2514 temporibus
917 2445 1058 2500 ecclesiae
1071 2443 1181 2500 luerint
1194 2445 1222 2500 in
1236 2446 1344 2517 quibus

223 2513 327 2570 omnia
341 2523 470 2575 enema,
504 2529 559 2569 uae
574 2525 659 2569 erant
671 2514 796 2576 ritualia,
811 2516 1061 2585 repraesentativa
1076 2525 1176 2580 erant;
1196 2516 1264 2571 ideo
1277 2517 1344 2572 illae

223 2583 368 2640 ecclesiae
381 2581 477 2638 616122
484 2530 611 2638 (luerunt
625 2585 766 2639 ecelesiae
779 2585 1045 2656 repraesentativae
1060 2588 1100 2654 (2.
1115 2597 1172 2654 519,
1184 2599 1242 2670 521,
1254 2586 1344 2655 2896).

279 2651 368 2726 Quod
379 2654 503 2708 ecclesia
515 2655 593 2725 apud
607 2654 684 2709 iiiios
699 2654 815 2710 israelis
829 2655 968 2712 instituta
986 2654 1075 2710 luerit
1089 2656 1214 2712 ecclesia
1228 2673 1344 2728 reprae-

223 2723 374 2781 sentativa
388 2727 428 2793 (n.
445 2739 518 2793 1223,
534 2738 610 2792 2179,
627 2728 733 2794 ¹0¹49)·

279 2793 368 2867 Quod
387 2795 488 2848 omnia
506 2795 623 2849 ritualia
642 2795 681 2849 ibi
697 2794 808 2850 luerint
820 2805 943 2850 externa
957 2811 1033 2867 quae
1049 2807 1344 2868 repraesentaverunt

225 2865 351 2926 interna,
365 2880 440 2936 quae
456 2865 529 2919 caeli
542 2875 574 2919 et
588 2865 729 2920 ecclesiae
742 2875 813 2920 sunt
827 2867 867 2934 (n.
879 2867 958 2932 4288,
970 2867 1061 2934 4874).

279 2933 369 3006 Quod
389 2935 639 3004 repraesentativa
656 2935 797 2990 ecclesiae
811 2947 841 2990 et
855 2937 954 2991 221222
966 2937 1147 2992 cessaverint
1158 2953 1226 2992 cum
1241 2936 1345 2992 Domi·

223 3021 282 3060 222
302 3005 331 3059 12
351 3005 495 3059 mundum
515 3005 605 3068 venit,
619 3005 689 3077 quia
711 3004 858 3062 Dominus
878 3007 993 3061 interna
1011 3007 1152 3062 ecclesiae
1174 3024 1191 3062 a
1231 3009 1297 3072 ruit,
1313 3018 1345 3063 et

223 3075 296 3215 quia
311 3075 412 3130 omnia
424 3075 565 3130 ecclesiae
578 3085 701 3131 externa
715 3077 746 3130 in
761 3092 901 3148 supremo
916 3093 1004 3132 sensu
1022 3077 1122 3149 lpsum
1135 3093 1188 3150 spe
1237 3087 1345 3134 verunt

238 3163 267 3202 n.
280 3145 372 3216 4832).

223 3316 315 3375 aba.
339 3317 385 3372 De
398 3317 488 3372 Sensu
500 3315 632 3372 Litterae
642 3333 692 3370 seu
703 3316 835 3372 Erterno
851 3317 945 3374 Verbi.

280 3425 370 3500 Quod
389 3443 493 3484 sensus
511 3428 628 3484 litterae
642 3426 732 3483 Verbi
751 3429 791 3484 sit
805 3429 969 3484 secundum
984 3429 1171 3499 apparentiae
1187 3429 1216 3483 in
1231 3429 1344 3485 mundo

225 3501 268 3566 (2.
289 3497 366 3568 5846
386 3499 456 3568 589)
475 3497 535 3636 )926,
558 3497 650 3568 1719[?
668 3499 743 3565 1408,
763 3500 851 3569 2719),
874 3497 1056 3570 1722[1141ο,
1076 3499 1344 3569 2722],1832,1874,

225 3582 305 3634 2242,
320 3583 335 3622 2
355 3583 421 3632 aaz
490 3610 496 3623 .

281 3637 319 3693 Et
331 3582 369 3693 gd
382 3581 502 3709 22323321
516 3638 694 3708 simplicium
710 3639 750 3708 (2.
763 3639 945 3710 2533,9249[8
955 3639 1045 3708 9248)
1058 3639 1136 3709 9263,
1147 3639 1238 3709 9086).

280 3707 370 3833 guod
383 3708 516 3763 Verbum
530 3709 560 3763 in
573 3725 663 3764 sensu
676 3709 791 3764 litterae
804 3711 843 3765 sit
856 3711 990 3765 naturale
1005 3711 1044 3778 (n.
1055 3710 1145 3780 8783).

307 3795 325 3833 x
337 3795 427 3834 causa
439 3779 509 3849 quia
524 3779 657 3834 naturale
671 3790 717 3835 est
732 3780 879 3843 ultimum,
891 3779 920 3834 in
933 3781 1015 3851 quod
1027 3781 1169 3836 desinunt
1181 3779 1345 3850 spiritualia

224 3859 257 3905 et
269 3850 416 3912 caelestia,
429 3860 460 3904 et
472 3865 562 3919 super
574 3865 635 3920 quo
647 3851 725 3904 sicut
737 3849 845 3905 domus
854 3867 943 3920 super
955 3867 1010 3906 suo
1026 3850 1221 3905 fundamento
1234 3849 1344 3906 subsis-

223 3930 303 3982 tunt.
322 3929 354 3974 et
372 3920 452 3990 quod
474 3919 585 3992 alioqui
608 3936 712 3976 222222
734 3921 867 3976 internus
888 3923 999 3992 absque
1023 3931 1147 3976 externo
1168 3920 1246 3976 foret
1267 3921 1345 3977 sicut

225 3990 336 4046 domus
348 3991 460 4060 absque
473 3989 668 4045 fundamento
683 3991 722 4060 (2.
736 3991 814 4060 9362,
827 4005 905 4060 9432.
919 4005 996 4060 9433,
1010 3991 1087 4060 9824,
1104 4005 1196 4058 12244,
1213 3991 1318 4059 12436).

280 4058 369 4132 Quod
381 4059 520 4197 Vfrbum,
530 4061 600 4131 quia
612 4060 680 4124 tale,
688 4061 727 4116 sit
736 4061 894 4116 continens
903 4077 1008 4116 sensus
1021 4061 1182 4132 spiritualis
1195 4073 1226 4116 et
1235 4062 1345 4117 caeles·

225 4131 268 4185 tis
296 4147 324 4185 2.
421 4171 427 4184 .

283 4133 321 4254 ilt
337 4143 409 4271 {auti}
426 4201 588 4271 22129226
607 4201 647 4256 sit
665 4199 800 4256 santium
817 4200 959 4256 Divinum
974 4201 1003 4256 in
1016 4217 1103 4257 sensu
1117 4202 1232 4257 litterae
1244 4201 1343 4272 quoad

224 4270 329 4327 omnia
347 4281 377 4326 et
395 4270 513 4343 singula
532 4271 579 4333 ibi,
595 4287 689 4342 usque
707 4272 745 4325 ad
764 4287 1004 4344 unamquamque
1022 4273 1137 4343 jotham
1155 4275 1195 4340 (2.
1210 4271 1269 4342 639,
1283 4271 1344 4335 682,

227 4340 323 4411 1319[1
339 4341 425 4409 1869),
442 4341 516 4407 1872,
530 4341 607 4410 9198,
624 4355 715 4410 12321,
732 4341 838 4411 12637).

280 4409 369 4482 Quod
383 4410 462 4481 leges
473 4427 526 4481 pro
539 4409 607 4465 filiis
621 4409 737 4467 Israelis
750 4411 836 4474 latae,
843 4411 962 4467 tametsi
975 4413 1142 4484 abrogatae,
1153 4427 1246 4482 usque
1259 4427 1343 4467 sanc·

223 4493 292 4537 tum
306 4480 436 4535 Verbum
450 4481 518 4544 sint,
531 4481 571 4536 ob
586 4497 705 4536 sensum
719 4481 867 4537 internum
884 4483 914 4537 in
930 4482 988 4538 illis
1002 4486 1042 4552 (n.
1054 4481 1150 4553 9210st
1163 4481 1252 4552 9211),
1265 4493 1343 4550 9259,

223 4551 371 4694 93431126
385 4621 475 4694 leges,
486 4621 599 4694 judicia
611 4631 641 4678 et
654 4631 767 4678 statuta
779 4637 834 4694 pro
848 4621 981 4679 Ecclesia
994 4621 1155 4680 Israelitica
1167 4631 1198 4679 et
1211 4620 1342 4695 Judaica,
