3322 5298
282 717 321 784 16
552 717 729 783 canonas
751 727 882 782 novas
904 729 1120 782 sccuusms.

637 1045 806 1111 CAPUT.
827 1043 1035 1110 SEXTUM.

279 1257 337 1322 Du
367 1255 594 1322 Cnsnmonn
624 1255 815 1322 Unrvnns1
845 1270 870 1321 n
901 1255 985 1320 Deo
1018 1269 1097 1321 uuo
1127 1269 1177 1320 er
1207 1267 1394 1332 inunum,

355 1364 406 1416 sx
430 1351 573 1422 D1v1no
595 1350 751 1427 Auons,
776 1362 847 1414 san
871 1348 1319 1415 D1v1nnuSAr1sur1nu.

345 1575 372 1624 1.
403 1556 505 1642 Quod
532 1559 621 1623 ratio
647 1556 818 1622 illustrata
845 1557 962 1622 videat
991 1557 1083 1642 quod
1110 1559 1261 1622 omnium
1288 1557 1397 1641 prima

491 1651 598 1735 Origo
614 1652 732 1716 mundi
746 1653 791 1717 sit
802 1652 925 1727 Amor,
939 1663 977 1718 et
991 1651 1082 1736 quod
1098 1651 1247 1716 Mundus
1262 1661 1397 1716 creatus

489 1749 534 1812 sit
552 1769 598 1813 ex
614 1746 674 1811 illo
690 1767 750 1829 per
762 1745 984 1830 Sapientiam.
1023 1745 1108 1810 Inde
1124 1756 1159 1810 et
1176 1767 1245 1810 non
1260 1747 1397 1811 aliunde

490 1852 544 1907 est
566 1841 657 1925 quod
681 1842 837 1916 mundus,
856 1861 876 1905 a
899 1841 1014 1923 primis
1037 1841 1105 1904 suis
1123 1841 1167 1904 ad
1186 1840 1315 1906 ultima
1324 1861 1396 1918 sua,

490 1937 534 2002 sit
553 1957 638 2020 opus
656 1936 887 2000 inaetemum
907 1935 1104 2000 cohaerens.

343 2048 372 2097 2.
405 2029 507 2114 Quod
535 2030 683 2094 Mundus
710 2040 845 2096 creatus
872 2031 916 2095 sit
943 2051 989 2093 ex
1015 2029 1147 2094 Amore
1173 2050 1233 2114 per
1254 2027 1396 2114 Sapien-

490 2126 680 2202 tiam-ita
706 2145 768 2208 per
788 2123 916 2201 Solem,
935 2125 992 2208 qui
1014 2135 1068 2189 est
1095 2145 1202 2208 purus·
1222 2123 1343 2201 Amor,
1363 2125 1397 2189 in

490 2219 584 2302 cujus
607 2219 720 2284 medio
743 2229 797 2283 est
810 2218 975 2301 ·Jehovah
1003 2219 1258 2294 Deum-videri
1281 2227 1397 2302 potest

490 2335 536 2378 ex
554 2313 859 2396 correspondentia
874 2314 999 2377 amoris
1012 2331 1092 2376 cum
1108 2312 1234 2390 calore,
1251 2332 1290 2377 ac
1307 2313 1397 2396 sapi·

490 2408 606 2472 erutiae
621 2427 699 2472 curn
718 2407 803 2472 luco.
848 2405 951 2489 Quod
969 2428 1029 2490 per
1047 2407 1132 2471 haec
1152 2408 1231 2483 duo,
1248 2406 1397 2471 calorem

490 2513 527 2567 et
546 2501 669 2578 lucem,
682 2501 853 2566 subsistat
869 2501 1025 2577 mundus,
1043 2511 1078 2567 et
1097 2503 1282 2585 quotannis
1297 2498 1397 2566 “lere-

491 2607 592 2662 entur
603 2597 718 2661 omnia
730 2594 913 2678 superejus
925 2594 1120 2678 superficie3
1133 2605 1177 2660 ·et
1188 2595 1280 2678 quod
1292 2595 1398 2660 sidus

491 2691 552 2755 illa
566 2689 858 2766 subtraherentur,
867 2690 1008 2754 caderet
1023 2690 1169 2754 mundus
1183 2691 1218 2754 in
1234 2689 1350 2767 chaos,
1362 2699 1397 2754 et

491 2786 540 2850 sic
559 2786 594 2849 in
612 2783 764 2848 nihilum.

346 2895 374 2961 3.
405 2875 509 2962 Quod
530 2880 599 2944 sint
622 2879 689 2943 tria
705 2897 793 2961 quae
815 2887 1002 2962 sequuntur
1016 2879 1146 2954 ordine,
1159 2877 1397 2961 etprocedunt

492 2975 661 3038 comitatu
678 2973 862 3048 individuo,
876 2972 1048 3049 videlicet,
1068 2972 1189 3050 Amor,
1210 2972 1397 3056 Sapientia,

492 3075 529 3132 et
547 3067 649 3132 Usus.

343 3180 376 3243 4
405 3160 510 3245 Quod
527 3161 638 3226 Amor
652 3181 713 3246 per
730 3159 941 3245 Sapientiam
963 3162 1094 3228 existat
1116 3171 1154 3226 et
1176 3162 1341 3226 subsistat
1364 3162 1398 3226 in

494 3256 581 3322 Usu.

347 3365 389 3434 5..
406 3348 509 3434 Quod
527 3351 594 3414 tria
615 3349 675 3414 illa
691 3351 762 3415 sint
783 3351 822 3414 in
841 3349 928 3426 Deo,
948 3359 984 3415 et
1002 3349 1094 3434 quod
1112 3351 1178 3415 tria
1200 3349 1259 3414 illa
1277 3369 1398 3434 proce·

493 3445 579 3508 dant
597 3465 643 3509 ex
663 3444 750 3508 Deo.

345 3539 376 3605 6.
408 3536 1096 3622 QuodUniversumcreatumconsistat
1114 3560 1167 3605 ex
1182 3538 1323 3604 infinitis
1345 3559 1398 3604 re·

493 3633 680 3717 ceptaculis
699 3633 963 3698 trium'illorum.

345 3743 376 3811 7.
407 3724 498 3812 Quia
520 3727 630 3793 Amor
655 3739 691 3794 et
713 3727 890 3811 Sapientia
911 3730 1068 3794 existunt
1091 3739 1127 3794 et
1150 3729 1344 3793 subsistunt
1364 3729 1399 3792 in

495 3821 580 3900 Usu,
599 3824 691 3906 quod
708 3823 913 3888 Universum
937 3833 1102 3888 creatum¹
1114 3825 1171 3888 sit·
1183 3823 1399 3907 Receptacu-

494 3915 563 3981 lum
583 3937 713 3994 usuum,
729 3919 798 4000 qui,
814 3937 859 3981 ex
877 3917 1009 4000 origine
1027 3937 1098 3994 sua,
1115 3917 1238 3982 infiniti
1256 3927 1349 3982 sunt.

343 4011 372 4076 8.
407 4007 579 4093 Quoniam
604 4031 710 4086 omne
733 4011 867 4075 Bonum
893 4022 947 4076 est
974 4033 994 4076 a
1021 4011 1108 4088 Deo,
1134 4032 1176 4077 ac
1203 4012 1337 4077 Bonum
1364 4023 1400 4078 et

495 4106 588 4171 Usus
614 4125 718 4171 unum
744 4117 836 4183 sunt,
855 4126 895 4172 ac
923 4107 1130 4172 Universum
1161 4117 1315 4172 creatum
1346 4117 1401 4172 est

495 4200 676 4265 Plenitudo
694 4219 813 4264 usuum
836 4201 869 4264 in
889 4199 1014 4277 sonnis,
1034 4203 1186 4284 sequitur
1202 4202 1294 4285 quod
1312 4200 1400 4268 Uni-

495 4313 631 4359 versum
649 4305 802 4360 creatum
821 4297 866 4360 sit
885 4294 1066 4360 Plenitudo
1085 4296 1162 4360 Det·

347 4405 379 4472 9;
409 4385 512 4472 Quod
531 4387 669 4454 Creatio
687 4387 777 4454 iadis
794 4391 840 4454 sit
862 4409 907 4454 ex
932 4389 1057 4454 Divino
1076 4390 1206 4454 Amore
1225 4410 1285 4474 per
1303 4389 1399 4454 Divi·

495 4505 574 4550 nam
593 4485 814 4570 Sapientiam,
828 4487 1032 4571 intelligitur
1049 4507 1110 4570 per
1127 4487 1213 4552 haec
1232 4487 1322 4570 apud
1335 4485 1401 4563 Jo-

495 4579 648 4658 hannem,
