3282 5294
277 661 321 726 26
422 754 427 768 .
687 673 740 726 DE
762 671 994 726 chamum.

276 842 304 894 r.
330 841 404 899 onor
417 841 663 911 quicquum-rr
678 855 711 896 οι
727 841 777 896 urs·
790 839 898 902 nomm
911 856 944 895 ιι
961 805 1047 894 arm
1065 837 1194 894 unum
1208 836 1246 892 ur
1260 835 1352 896 uarro,
1365 834 1402 888 m

377 919 447 987 quod
455 918 493 972 rii
503 919 626 972 oburitur.

340 1033 427 1100 Sunt
442 1036 507 1101 tria
529 1056 614 1119 quae
637 1035 837 1118 procedunt,
861 1043 914 1100 est
938 1033 1114 1117 cogitatio,
1131 1041 1183 1098 est
1207 1029 1342 1116 loquela
1363 1039 1400 1094 et

277 1139 330 1194 est
345 1127 461 1208 acius3
485 1130 682 1198 exhomine
697 1131 753 1214 qui
768 1141 824 1194 est
844 1129 952 1194 forma
974 1127 1148 1192 charitatis
1172 1126 1325 1209 procedit
1341 1145 1401 1190 co·

277 1225 399 1307 gitatio
415 1245 461 1287 ex
477 1221 656 1288 affectione
672 1245 758 1306 quae
781 1233 834 1287 est
858 1223 1015 1298 charitas,
1032 1221 1168 1303 loquela
1182 1241 1228 1284 ex
1244 1239 1331 1285 sono
1346 1219 1402 1302 qui

277 1328 330 1383 est
345 1316 541 1394 affectionis,
558 1320 591 1382 in
608 1339 674 1402 quo
690 1328 743 1382 est
765 1315 898 1382 affectio
921 1317 1150 1400 cogitationis,
1167 1325 1203 1379 et
1225 1311 1321 1379 aetus
1343 1333 1403 1396 per

277 1423 408 1478 motum
423 1415 457 1477 in
473 1432 540 1495 quo
555 1422 608 1476 est
624 1413 790 1490 charitas3
815 1421 928 1476 motus
943 1411 1000 1475 iiie
1023 1408 1177 1494 procedit
1200 1429 1246 1472 ex
1265 1417 1401 1483 conatu,

277 1517 314 1572 et
330 1517 489 1572 conatum
505 1507 584 1571 sacit
600 1503 733 1570 affectio
748 1506 975 1589 cogitationis.

343 1601 469 1667 Forma
481 1601 656 1664 charitatis
667 1609 721 1665 est
733 1598 962 1682 principaliter
972 1599 1006 1662 in
1016 1598 1234 1681 perceptione
1245 1597 1403 1662 interiore

278 1695 359 1778 ejus,
376 1716 461 1778 quae
480 1696 635 1777 procedit
650 1715 695 1758 ex
709 1693 820 1758 calore
837 1703 873 1758 et
888 1692 962 1757 luce
974 1691 1146 1775 spirituali.
1192 1691 1243 1755 Ibi
1254 1691 1326 1772 ipse
1341 1690 1404 1755 ho·

278 1809 336 1854 mo
351 1799 404 1853 est
427 1790 540 1854 homo.
585 1789 722 1853 Exinde
739 1789 934 1870 producitur
949 1787 1096 1851 charitas
1112 1787 1145 1850 in
1162 1785 1405 1868 consequentia

279 1905 338 1948 seu
358 1883 521 1960 inferiora,
538 1891 574 1947 et
590 1883 745 1964 producit
760 1903 808 1958 se,
825 1891 862 1946 et
878 1879 1036 1946 effestuat
1052 1901 1099 1957 se,
1116 1881 1174 1945 vix
1190 1879 1289 1943 aliter
1303 1896 1405 1960 quarn

279 1980 366 2044 sicut
382 1998 428 2040 ex
444 1978 571 2042 semine
588 1996 727 2060 germen
742 1986 779 2040 et
795 1977 988 2040 successive
1003 1975 1112 2050 arbor,
1125 1984 1160 2038 et
1175 1973 1214 2038 fit
1229 1973 1328 2037 arbor
1339 1973 1404 2036 sic·

279 2081 316 2136 ut
338 2072 438 2136 arbor
452 2091 613 2149 manens;
637 2081 673 2136 et
693 2067 822 2134 fructus
838 2079 918 2134 sunt
933 2071 1024 2134 bona
1039 2087 1141 2151 opera
1156 2087 1241 2151 quae
1259 2065 1344 2130 fiunt
1359 2087 1404 2130 ex

278 2165 456 2230 voluntate
472 2165 551 2229 boni
569 2183 628 2247 per
643 2162 854 2228 intellectum
870 2165 950 2240 veri,
966 2165 999 2227 in
1023 2183 1183 2246 corpore;
1206 2171 1242 2226 et
1265 2162 1312 2226 sic
1336 2160 1404 2243 pri·

279 2277 372 2324 mum
387 2260 486 2330 arbor
501 2259 630 2324 existit.

344 2353 372 2418 F
375 2373 469 2417 orma
484 2354 603 2418 intima
618 2351 689 2436 ejus
704 2361 759 2418 est
775 2353 861 2417 sicut
873 2370 1010 2431 semen;
1033 2349 1123 2434 quod
1136 2369 1204 2414 non
1220 2348 1309 2414 aliud
1326 2368 1405 2431 pos·

280 2449 324 2512 sit
340 2448 432 2510 nasci
447 2468 492 2510 ex
509 2449 646 2522 semine,
664 2465 764 2529 quam
787 2445 878 2529 quod
901 2445 988 2509 illius
1013 2445 1187 2526 prosapiae
1205 2453 1269 2519 est,
1286 2453 1404 2507 notum

280 2551 353 2622 est;
377 2541 496 2604 similia
518 2551 597 2605 sunt
619 2541 742 2616 omnia,
766 2541 903 2604 tametsi
933 2559 1008 2603 cum
1032 2537 1139 2602 multa
1160 2537 1324 2602 varietate
1336 2557 1344 2616 ;
1368 2545 1404 2601 at

280 2655 384 2718 usque
401 2637 549 2698 nascitur
563 2645 599 2700 et
614 2634 765 2699 surculus
780 2645 816 2699 et
832 2653 943 2698 ramus
965 2634 999 2697 in
1022 2633 1140 2716 quibus
1162 2629 1297 2708 fructus,
1313 2631 1404 2714 quod

281 2730 319 2794 fit
335 2751 380 2794 ex
397 2729 455 2792 illa
469 2729 598 2793 arbore.

346 2822 458 2906 Quare
475 2823 578 2887 homo
594 2824 649 2906 qui
665 2823 803 2888 interius
818 2831 872 2886 est
887 2821 1045 2896 charitas,
1059 2819 1216 2903 quicquid
1231 2819 1322 2894 facit,
1341 2816 1404 2902 [sa-

280 2915 341 3000 cit]
359 2939 404 2981 ex
421 2917 597 2993 charitate,
614 2918 752 2982 tametsi
774 2913 863 2981 facia
884 2925 920 2980 et
944 2913 1098 2998 loquelae
1113 2933 1153 2978 ac
1177 2915 1404 2996 cogitationes

281 3021 360 3076 sunt
372 3010 521 3074 infinitae
534 3011 707 3076 varietatis
720 3031 727 3089 ;
751 3021 830 3075 sunt
842 3010 955 3074 omnia
970 3029 1055 3092 quae
1068 3008 1221 3090 producit
1234 3009 1320 3072 sicut
1331 3005 1403 3089 ejus

281 3107 444 3187 imagines
461 3105 523 3168 sub
538 3107 629 3168 varia
643 3104 760 3180 forma,
777 3105 810 3168 in
827 3105 945 3187 quibus
960 3113 1076 3166 tamen
1092 3101 1248 3166 omnibus
1263 3110 1316 3166 est
1335 3101 1402 3166 sor·

284 3220 339 3272 rna
355 3200 542 3263 communis
558 3201 644 3264 sicut
661 3197 799 3281 planum
814 3219 859 3263 ex
875 3217 952 3281 quo.

345 3293 429 3357 Inde
444 3295 547 3358 etiarn
563 3294 666 3358 homo
681 3293 898 3375 cognoscitur
912 3291 956 3356 ab
970 3290 1089 3366 altero,
1101 3290 1204 3355 modo
1219 3291 1322 3354 scitur
1334 3289 1404 3372 ejus

281 3384 413 3452 affectio
429 3388 616 3463 dominans,
634 3387 713 3451 dum
729 3387 876 3470 loquitur
891 3386 1021 3451 etfacit
1036 3385 1171 3467 aliquid,
1188 3405 1233 3448 ex
1249 3404 1316 3467 quo
1338 3383 1404 3448 fine

281 3491 317 3546 et
332 3503 377 3546 ex
394 3503 460 3565 quo
476 3502 600 3558 amore,
618 3483 704 3546 sicut
719 3502 764 3545 ex
788 3501 854 3563 quo
869 3479 972 3544 sonte.
1017 3479 1109 3542 Dicit
1127 3479 1291 3542 Dominus
1314 3479 1404 3560 quod

282 3575 372 3640 mala
387 3577 485 3639 arbor
500 3575 598 3639 saciat
615 3575 723 3640 malos
734 3572 869 3650 fructus,
885 3585 921 3638 et
936 3574 1025 3638 bona
1036 3574 1136 3637 arbor
1147 3573 1254 3636 bonos
1269 3569 1404 3644 fructus,

282 3681 318 3736 et
334 3671 424 3753 quod
440 3669 529 3732 mala
544 3669 642 3733 arbor
658 3689 725 3733 non
742 3669 848 3750 possit
862 3667 971 3731 iacere
988 3667 1095 3731 bonos
1111 3663 1244 3730 fructus.

347 3763 430 3828 Vita
444 3764 588 3827 hominis
600 3773 652 3828 est
668 3765 702 3826 in
718 3764 809 3826 omni
824 3762 914 3845 quod
929 3760 1002 3825 vult
1025 3771 1060 3825 et
1083 3762 1224 3842 cogitat,
1241 3760 1331 3842 quod
1355 3759 1405 3824 lo·

284 3859 395 3942 quitur
416 3867 451 3922 et
474 3858 564 3940 quod
590 3857 679 3922 iacit.
724 3856 834 3921 Nemo
858 3865 972 3938 potest
995 3855 1120 3938 aliquid
1142 3875 1243 3936 agere
1265 3875 1311 3918 ex
1339 3854 1406 3918 alia

284 3954 355 4016 vita
370 3971 469 4035 quam
485 3971 530 4014 ex
543 3972 622 4030 sua;
646 3961 724 4014 sunt
739 3951 852 4014 omnia
864 3951 953 4013 vitae
969 3948 1039 4030 ejus
1051 3945 1209 4026 effectum
1233 3968 1335 4030 quare
1351 3957 1405 4012 est

287 4045 404 4110 simile.
553 4099 564 4116 ,
1266 4075 1268 4082 ·

349 4139 389 4203 In
413 4140 540 4204 mundo
556 4138 719 4221 spirituali
742 4159 860 4203 omnes
882 4135 1076 4202 affectiones
1099 4136 1291 4219 effigiantur
1313 4137 1406 4201 vario

285 4235 398 4312 modo,
415 4237 501 4298 sicut
517 4235 662 4310 arbores,
680 4233 779 4310 horti,
795 4233 959 4308 volucres,
976 4231 1152 4310 animalia;
1176 4233 1209 4295 in
1226 4231 1277 4295 his
1299 4250 1406 4314 appa·

355 4438 450 4506 [Nora
468 4451 504 4488 ax
522 4438 659 4488 Marcius
674 4449 815 4488 srnrsraa:
833 4437 914 4488 -Est
930 4437 1059 4488 miseratio
1076 4435 1210 4494 charitatis,
1223 4443 1262 4485 est
1274 4434 1409 4485 clementia

286 4503 423 4564 charitatis,
435 4513 473 4554 est
491 4505 602 4554 amicitia
618 4505 753 4564 charitatis,
766 4513 804 4554 est
852 4503 998 4554 nevolentia
1014 4503 1149 4561 charitatis,
1162 4511 1199 4552 est
1215 4501 1340 4550 modestia
1351 4501 1406 4550 cha·

287 4571 588 4704 :ilipuffiavsegebcoizomnes
605 4571 708 4621 virtutes
726 4579 783 4621 sunt
800 4569 917 4630 charitas,
934 4569 980 4619 sed
995 4571 1101 4618 ueniunt
1118 4569 1165 4618 sub
1182 4569 1233 4618 alio
1250 4568 1362 4626 nomine,
1375 4565 1408 4617 iu
