3338 5300
290 633 334 695 44
762 629 935 684 cononis.

276 796 433 890 'frolesio
453 795 696 860 luerunt-Hic
718 807 828 861 status
847 799 1045 864 describitur
1065 820 1125 883 per
1143 800 1356 865 “diluvium”
1374 801 1408 866 in

290 913 356 976 quo
368 912 487 956 omnes
502 892 701 975 superstites
717 891 796 954 mali
812 893 1002 974 perierunt3
1025 903 1060 958 et
1075 915 1135 976 per
1148 895 1354 958 “Noachum
1371 907 1407 960 et

290 986 484 1068 ejusfilios‚”
494 1007 553 1068 per
562 1007 646 1069 quos
657 986 892 1068 intelliguntur
902 1007 1020 1052 omnes
1030 990 1109 1052 boni
1119 991 1176 1072 qui
1186 989 1308 1053 salvati
1318 1000 1406 1054 suut.

290 1080 382 1144 Finis
401 1079 668 1163 Antiquissimae
691 1080 866 1144 Ecclesiae
888 1102 948 1164 per
967 1082 1192 1146 “Adamum”
1210 1103 1406 1166 repraesen-

289 1185 384 1239 tatae
401 1175 601 1239 describitur
618 1176 652 1238 in
671 1177 783 1258 capite
800 1186 903 1240 sexto
924 1177 1092 1254 Geruseos,
1113 1197 1172 1260 per
1190 1177 1288 1241 haec:

340 1327 434 1378 “Cum
447 1329 549 1378 videret
565 1327 687 1393 Jehovah
699 1329 770 1393 quod
782 1329 1003 1392 multiplicaretur
1014 1331 1116 1380 malitia
1126 1331 1243 1382 hominis
1255 1332 1283 1380 in
1296 1333 1405 1392 mundo,

419 1403 445 1443 et
455 1394 563 1457 insuper
572 1409 652 1443 omne
663 1393 818 1457 figmentum
829 1391 1046 1460 [cogitationum]
1055 1397 1142 1446 cordis
1151 1396 1211 1459 ejus
1218 1399 1406 1448 tantummodo

419 1460 521 1508 malum
538 1459 612 1510 omui
629 1459 681 1518 die,
701 1461 832 1522 paenituit
852 1459 984 1524 Jehovam
1001 1462 1074 1525 quod
1094 1461 1202 1512 lecisset
1219 1463 1359 1514 homiuem
1379 1463 1406 1514 iu

418 1533 497 1574 terra.
535 1524 600 1574 Ideo
611 1525 677 1574 dixit
688 1523 818 1590 Jehovah,
834 1525 938 1576 Delebo
950 1527 1087 1576 hominem
1100 1541 1179 1592 quem
1192 1529 1280 1578 creavi
1292 1528 1408 1591 desuper

419 1589 537 1639 faciebus
555 1598 649 1639 terrae.
686 1589 962 1641 ....Tantummodo
981 1591 1108 1642 Noachus
1125 1592 1230 1642 invenit
1246 1594 1360 1656 gratiam
1378 1594 1406 1642 in

420 1655 504 1704 oculis
515 1654 658 1720 Jebouae¹¹
667 1653 747 1718 (vers.
760 1655 825 1718 5-8).

289 1795 457 1860 Ultimum
474 1797 641 1878 Judicium
664 1789 778 1862 autem
802 1819 902 1881 super
924 1798 1001 1864 illos
1023 1800 1224 1864 describitur
1246 1819 1307 1882 per
1326 1801 1406 1866 “di-

288 1890 441 1954 luvium.”
486 1889 586 1973 Quod
613 1913 673 1974 per
696 1892 915 1968 “diluvium''
938 1913 1039 1957 causa
1066 1903 1120 1958 est
1146 1895 1224 1976 quia
1248 1893 1406 1977 “aquae''

287 1985 321 2046 in
334 1983 451 2048 Verbo
467 1985 659 2068 significant
674 2006 764 2062 vera,
782 1997 818 2050 et
834 1988 868 2050 in
884 1989 1043 2070 opposito
1059 2007 1159 2051 sensu
1175 1987 1269 2052 salsa.
1314 1987 1407 2052 Vera

288 2078 520 2159 significantur
542 2100 601 2162 per
623 2101 728 2162 aquas
750 2081 864 2156 sontis,
885 2101 989 2164 aquas
1012 2081 1111 2156 fluvii,
1132 2102 1238 2164 aquas
1260 2081 1404 2164 pluviae,

288 2192 412 2255 perque
434 2194 538 2256 aquas
562 2173 771 2238 lavationum
795 2174 877 2239 olim
901 2185 936 2238 et
961 2195 1065 2258 aquas
1092 2173 1258 2256 Baptismi
1284 2176 1404 2242 hodie:

287 2267 588 2348 correspondentia
610 2267 669 2330 illa
691 2279 745 2332 est
767 2290 812 2332 ex
835 2290 888 2344 eo,
912 2269 1003 2351 quod
1026 2289 1106 2332 vera
1133 2267 1310 2350 purificent
1332 2271 1405 2334 ani·

287 2380 378 2424 mam
397 2363 542 2426 hominis
560 2363 604 2425 ab
626 2363 818 2436 immundis,
838 2364 926 2428 sicut
944 2383 1052 2444 aquae
1071 2383 1193 2444 corpus
1212 2362 1302 2444 ejus;
1327 2365 1404 2428 ideo

287 2465 453 2520 vocantur
467 2461 601 2538 “aquae
614 2456 738 2520 vivae.”
782 2456 833 2520 At
846 2458 880 2520 in
892 2458 1050 2540 opposito
1063 2477 1164 2520 sensu
1177 2477 1236 2540 per
1250 2463 1269 2490 “
1278 2478 1382 2542 aquas
1389 2457 1404 2485 ”

287 2549 519 2634 significantur
534 2549 637 2628 salsa;
661 2550 721 2614 sed
741 2571 800 2632 per
815 2571 919 2633 aquas
935 2551 1092 2632 impuras,
1113 2549 1231 2632 quales
1247 2561 1325 2616 sunt
1344 2571 1403 2634 pa·

287 2644 413 2718 ludum,
434 2645 655 2708 cisternarum
679 2644 768 2708 male
787 2643 962 2720 olentium,
984 2644 1058 2708 lotii
1081 2655 1116 2708 et
1139 2645 1400 2727 quisquiliarum,

286 2740 320 2802 in
336 2759 461 2822 genere
477 2759 536 2821 per
551 2758 670 2802 omnes
686 2739 949 2802 detrimentosas
965 2747 1000 2802 et
1017 2737 1184 2815 letiferas;
1208 2739 1256 2802 ita
1271 2759 1403 2822 quoque

286 2853 347 2915 per
364 2853 468 2916 aquas
490 2854 509 2898 e
532 2853 671 2916 quarum
695 2833 916 2896 inundatione
938 2831 1042 2896 homo
1065 2833 1236 2907 emoritur,
1258 2834 1401 2916 proinde

287 2947 346 3010 per
364 2926 536 2992 Diluvium
556 2926 776 2990 Noachicum.
822 2925 923 3008 Quod
943 2925 1026 2990 salsa
1045 2926 1079 2988 in
1098 2927 1258 3008 congerie
1276 2927 1401 2990 descri-

285 3023 411 3086 buntur
433 3043 493 3104 per
513 3020 813 3098 “inundationes’'
832 3041 877 3085 ex
900 3021 1119 3104 sequentibus
1137 3020 1190 3084 his
1213 3019 1297 3085 locis
1320 3041 1402 3086 con·

286 3127 377 3182 stare
396 3125 531 3199 potest:

337 3259 521 3314 “Dominusl'l
538 3263 683 3314 ascendere
703 3259 831 3313 laciens¹¹¹
851 3277 932 3326 super
951 3277 998 3312 eos
1017 3275 1101 3326 aquas
1123 3261 1221 3312 fluvii”
1240 3261 1404 3327 (Euphratis)

419 3329 545 3378 “validas
557 3338 584 3378 et
596 3329 709 3386 multas:
728 3365 752 3406 3.
765 3328 823 3378 ,hic
836 3328 884 3378 ibit
896 3343 943 3405 per
952 3327 1092 3406 lebudam,
1107 3329 1255 3388 inundabit.
1270 3329 1400 3388 transibit,

415 3395 544 3459 usquead
557 3394 654 3444 collum
667 3403 802 3458 pertinget
810 3392 825 3414 ”
837 3392 922 3455 (Esar.
934 3407 988 3444 tut.
1003 3405 1026 3454 7,
1039 3389 1108 3455 81³¹);

286 3571 346 3634 per
373 3555 506 3632 “aquas
537 3549 625 3612 fluvii
652 3547 860 3630 Euphratis”
890 3546 1124 3629 significantur
1152 3549 1328 3612 ratiocinia
1357 3567 1402 3612 ex

285 3643 388 3719 falsis,
408 3643 485 3727 quia
508 3663 567 3726 per
587 3641 825 3724 “Assyriam”
844 3641 936 3722 cujus
954 3641 1072 3704 fluvius
1091 3649 1176 3716 erat,
1195 3640 1404 3724 significatur

286 3738 511 3802 ratiocinatio.

337 3885 476 3950 “Spiritus
493 3885 612 3950 Jehovae
629 3885 697 3936 sicut
713 3883 810 3934 fluvius
824 3883 967 3942 inundans,
981 3897 1065 3946 usque
1083 3883 1117 3932 ad
1134 3883 1231 3932 collum
1243 3883 1398 3943 dimidiabit,

415 3951 449 4000 ad
461 3951 629 4001 cribrandum
642 3959 736 4014 gentes
748 3951 835 3999 cribro
847 3947 973 3998 vanitatis
980 3947 994 3968 ”
1006 3947 1091 4010 (Esai.
1105 3963 1168 4000 xxx.
1180 3949 1220 4006 28,
1232 3947 1289 4010 3o);

286 4121 346 4184 per
365 4099 528 4163 “fiuvium
551 4097 796 4163 inundantem”
814 4097 868 4163 hic
892 4097 1046 4162 similiter
1068 4095 1277 4179 significatur
1298 4095 1401 4160 ratio-

286 4195 413 4260 cinatio
428 4213 474 4258 ex
491 4193 593 4258 salsis.

337 4341 431 4392 “Ecce
442 4356 527 4404 aquae
536 4341 713 4391 ascendentes
730 4355 746 4390 e
763 4339 955 4403 septentrione,
970 4353 1037 4403 quae
1054 4337 1122 4387 sicut
1139 4337 1239 4387 ilumen
1257 4335 1400 4393 inundans.

416 4421 447 4456 ac
460 4407 599 4456 inundabit
610 4415 708 4456 terram
720 4415 748 4456 et
759 4405 952 4469 plenitudinem
965 4403 1046 4467 ejus”
1058 4403 1166 4469 (Jerem.
1177 4403 1250 4454 xlvii.
1263 4401 1303 4466 a);

286 4553 372 4620 baec
399 4555 442 4620 de
470 4552 695 4630 Philisthaeis‚
723 4573 783 4636 per
809 4573 893 4636 quos
917 4551 1160 4633 intelliguntur
1185 4550 1241 4634 qui
1270 4569 1338 4614 nou
1367 4549 1401 4612 iu

500 4736 526 4799 χι
