3338 5300
522 691 573 742 ms
595 689 1015 743 coNsUMMATIONE.-N.
1033 680 1086 760 58.
1327 679 1370 762 69

251 871 332 926 tunc
356 881 401 925 ex
427 861 676 941 periclitatione
699 859 929 926 lamentantur
951 862 1168 944 gubernator,
1193 861 1369 927 nauclerus

250 967 286 1022 et
313 966 455 1036 nautae;
491 965 528 1020 at
554 963 666 1022 status
689 957 990 1022 consummationis
1017 966 1069 1020 est
1096 957 1233 1040 quando
1256 959 1370 1022 carina

250 1053 345 1116 navis
368 1052 557 1118 corroditur
583 1071 604 1114 a
630 1051 748 1134 glarea
770 1051 897 1126 subter,
921 1061 956 1114 et
980 1052 1075 1116 navis
1097 1061 1179 1116 tunc
1203 1051 1369 1134 perfracta

249 1157 285 1212 et
300 1146 469 1231 perforata
481 1146 634 1222 subsidit,
648 1155 683 1210 et
699 1165 744 1210 ex
758 1146 1006 1222 subundatione
1019 1155 1161 1230 pereunt
1177 1147 1368 1212 navarchae

249 1262 325 1306 cum
348 1243 524 1306 mercibus.
569 1241 687 1306 Status
710 1241 913 1306 vastationis
936 1243 1123 1324 comparari
1150 1251 1266 1324 potest
1290 1263 1367 1307 cum

248 1337 340 1400 omni
363 1337 482 1400 morbo
516 1337 572 1418 qui
595 1335 725 1400 invadit
748 1337 909 1412 membra,
929 1337 1059 1399 viscera
1080 1347 1117 1400 et
1139 1357 1269 1419 organa
1292 1357 1367 1402 cor·

248 1431 348 1514 poris,
373 1451 418 1496 ex
445 1451 512 1519 quo
538 1440 698 1512 aegrotus
721 1440 904 1514 auguratur
927 1430 1044 1508 letum,
1068 1441 1104 1494 et
1127 1431 1272 1496 consulit
1296 1453 1366 1497 me-

248 1527 370 1602 dicum,
394 1536 430 1589 et
456 1523 567 1590 haurit
594 1525 788 1608 pharmaca,
813 1535 848 1589 et
876 1525 1005 1590 tamdiu
1032 1525 1065 1588 in
1093 1546 1152 1609 spe
1179 1528 1367 1591 sanationis

247 1622 350 1684 cubat
366 1621 399 1684 in
416 1617 526 1698 iect03
549 1631 586 1683 at
602 1629 713 1684 status
729 1621 1031 1684 consummationis
1047 1623 1234 1702 comparari
1250 1634 1366 1705 potest

246 1715 357 1778 eidem
376 1716 496 1779 morbo
517 1715 545 1777 si
568 1715 698 1778 invadit
717 1711 845 1798 pectus,
865 1715 898 1778 in
918 1734 985 1797 quo
1003 1734 1061 1780 cor
1079 1724 1115 1780 et
1138 1714 1253 1797 pulmo
1272 1727 1309 1782 ut
1332 1717 1365 1780 in
1411 1712 1418 1728 ⁵

246 1829 307 1878 suo
330 1808 551 1877 tabernaculo
568 1809 730 1884 resident,
750 1810 783 1872 in
807 1810 898 1892 quod
922 1810 1002 1872 dum
1021 1810 1158 1874 morbus
1181 1809 1238 1874 ilie
1261 1831 1365 1894 pene·

246 1913 325 1979 trat,
345 1901 458 1968 aitum
477 1913 530 1968 est
549 1905 592 1967 de
611 1905 682 1967 vita
700 1906 851 1986 corporis
869 1901 949 1985 ejus.

308 1999 380 2081 ⁵⁸·
410 1997 529 2063 Status
552 1999 855 2062 consummationis
878 1997 1054 2063 Ecclesiae
1078 1999 1286 2065 israeliticae
1305 2002 1364 2066 de·

245 2093 400 2156 scribitur
418 2103 490 2156 tam
509 2095 543 2156 in
560 2093 667 2157 Verbi
687 2093 857 2158 historicis
876 2113 977 2176 quam
996 2095 1030 2158 in
1049 2092 1119 2175 ejus
1137 2096 1362 2180 propheticis:

244 2188 277 2250 in
297 2187 402 2251 Verbi
420 2189 628 2271 propheticis
647 2209 707 2272 per
724 2189 876 2252 enormia
894 2185 984 2252 latta
1002 2208 1131 2270 regum,
1149 2191 1292 2272 primum
1313 2191 1363 2255 is·

244 2283 436 2348 raelitarum
460 2293 495 2346 et
522 2293 644 2365 postea
664 2283 889 2364 Judaeorum;
913 2303 972 2367 per
994 2303 1078 2366 quos
1101 2293 1137 2349 et
1160 2285 1222 2348 sub
1245 2285 1363 2368 quibus

243 2387 334 2444 terra
359 2379 482 2442 dicitur
509 2377 705 2462 profanata:
737 2379 798 2442 sed
824 2398 1001 2442 recensere
1028 2377 1086 2440 iila
1112 2398 1181 2442 non
1207 2379 1361 2456 interest,

242 2473 320 2555 quia
343 2481 426 2536 nota
444 2481 542 2550 sunt;
570 2471 741 2536 duntaxat
760 2472 971 2536 adducentur
989 2471 1066 2536 loca
1088 2493 1133 2536 ex
1156 2475 1363 2556 propheticis

242 2568 297 2632 ubi
323 2569 435 2650 agitur
457 2567 500 2631 de
524 2569 818 2632 consummatione
845 2577 880 2632 et
903 2567 1142 2631 devastatione
1168 2568 1265 2632 istius
1292 2569 1360 2634 Ec·

242 2661 376 2726 clesiae.
421 2661 461 2724 In
488 2661 540 2724 his
567 2660 661 2736 locis,
686 2681 745 2744 per
769 2661 954 2734 “terram''
979 2661 1181 2738 “Zionem,”
1205 2662 1361 2729 “Hiero-

241 2755 439 2842 solymam,''
452 2761 473 2788 ‘⁸
482 2755 610 2832 urbes,”
624 2761 643 2788 ‘⁴
653 2755 817 2832 montes,”
832 2761 852 2787 ‘⁴
861 2755 996 2830 colles,”
1009 2761 1028 2787 ‘⁴
1037 2755 1173 2832 valles,”
1185 2755 1362 2836 “fluvios,”

241 2849 360 2912 similia
379 2871 465 2932 quae
483 2871 583 2932 supra
604 2849 650 2932 (n.
673 2851 739 2934 55),
758 2851 999 2938 significantur.

305 2941 362 3006 Ex
381 2943 587 3026 propheticis
607 2945 712 3009 Verbi
731 2957 809 3012 sunt
828 2947 932 3012 haec:

295 3075 381 3128 “Vidi
399 3084 506 3134 terram,
525 3082 554 3124 et
570 3087 631 3124 ecce
648 3087 761 3124 vacuum
779 3081 806 3124 et
823 3073 912 3132 inane,
930 3080 957 3122 et
974 3085 1068 3120 versus
1085 3070 1184 3130 caelos,
1198 3079 1226 3120 et
1242 3087 1298 3124 uon
1316 3073 1363 3125 lua

372 3154 474 3190 eorum.
612 3139 673 3188 Vidi
691 3153 751 3188 cum
768 3153 829 3187 ecce
847 3137 954 3187 Carmei
971 3137 1114 3198 desertum,
1130 3146 1157 3185 et
1174 3151 1269 3187 omnes
1281 3141 1361 3190 urbes

374 3203 445 3270 [ejus
476 3205 612 3254 desolatae
626 3203 934 3268 santcoramJebovab.
1072 3203 1142 3266 Quia
1153 3203 1192 3252 sic
1203 3203 1270 3252 dixit
1281 3203 1361 3268 Jeho-

372 3272 433 3330 vah,
468 3271 561 3320 astitas
573 3269 624 3320 erit
635 3279 693 3320 tota
704 3279 775 3319 terra
786 3283 792 3326 ;
809 3267 1068 3318 consummationem
1078 3275 1168 3316 tamen
1178 3282 1234 3318 non
1246 3268 1342 3319 iaciam
1353 3283 1361 3331 ς

372 3345 513 3398 propterea
530 3336 631 3399 lugebit
648 3345 726 3393 terra,
741 3343 767 3384 et
784 3335 863 3383 atrati
879 3342 958 3382 erunt
975 3333 1041 3382 caeli
1057 3333 1180 3395 desuper.
1216 3369 1281 3386 ....
1318 3333 1360 3386 Tu

372 3415 437 3464 ergo
449 3411 562 3459 vastata,
577 3401 639 3464 quid
651 3399 733 3450 iacies
741 3399 767 3450 i''
784 3400 891 3464 (Jerem.
904 3399 938 3448 iv.
951 3411 1029 3458 23-31
1042 3413 1047 3457 ;
1066 3412 1123 3460 cap.
1135 3413 1161 3448 v.
1179 3412 1216 3458 to,
1231 3396 1288 3461 183)

293 3469 311 3492 “
319 3467 449 3518 Ascendit
466 3466 509 3516 leo
521 3481 536 3516 e
547 3475 659 3528 vepreto
670 3479 728 3524 suo,
742 3473 769 3514 et
787 3465 905 3528 perditor
915 3464 1035 3527 gentium
1046 3501 1052 3514 .
1065 3463 1184 3514 ..exivit
1200 3478 1216 3512 e
1233 3463 1293 3514 ioco
1310 3477 1360 3514 suo

371 3533 405 3582 ad
423 3531 707 3596 redigendumtetram
725 3531 937 3588 invastitatem;
955 3529 1114 3580 ....indie
1129 3529 1359 3592 ilio....peribit

371 3597 508 3726 cor)regis,
520 3606 547 3646 et
555 3611 602 3646 cor
612 3597 771 3660 principum,
783 3605 810 3646 et
820 3597 1009 3658 obstupescent
1020 3595 1170 3646 sacerdotes
1177 3591 1192 3616 '⁹
1201 3593 1309 3660 (Jmnr.
1322 3595 1356 3646 iv.

293 3731 310 3754 '⁸
320 3727 351 3780 ln
369 3731 412 3779 die
430 3729 476 3778 iilo
488 3729 539 3777 erit
550 3728 639 3777 omnis
652 3727 734 3786 locus,
749 3727 777 3776 in
794 3741 847 3790 quo
861 3725 969 3775 luerunt
981 3725 1053 3775 mille
1065 3725 1135 3775 vites
1137 3761 1220 3784 .....
1233 3725 1259 3773 in
1277 3726 1358 3776 senti-

371 3805 459 3844 cetum
476 3803 503 3844 et
514 3804 653 3856 vepretum
656 3829 739 3852 .....
751 3793 814 3856 quia
830 3791 989 3842 senticetum
1005 3801 1032 3842 et
1044 3799 1183 3854 vepretum
1196 3800 1253 3840 tota
1265 3791 1357 3840 terra''

370 3859 454 3923 (Esai.
466 3859 511 3908 vii.
524 3872 563 3920 23,
576 3860 632 3920 24);

292 3925 378 3976 “Vox
394 3926 519 3975 clamoris
536 3935 681 3987 pastorum,
696 3932 739 3974 et.
752 3959 758 3974 .
771 3959 778 3974 .
790 3959 797 3974 .
808 3923 957 3986 potentium
969 3922 1068 3986 gregis,
1082 3921 1146 3986 quia
1156 3929 1266 3971 vastans
1295 3921 1358 3972 ebo·

370 3992 423 4040 vah
436 4003 563 4054 pascuum
576 3985 706 4047 eorumi¹l;
723 3989 794 4038 unde
806 3987 962 4038 devastatae
974 3995 1037 4036 sunt
1049 3985 1141 4036 caulae
1154 3985 1234 4050 pacis.
1294 3987 1358 4036 ebo·

370 4058 423 4106 vah
440 4056 558 4108 deseruit
577 4055 777 4106 tabernaculum
797 4067 884 4112 suum,
921 4054 966 4106 uia
986 4049 1094 4104 redacta
1112 4061 1154 4102 est
1175 4061 1245 4102 terra
1264 4065 1356 4101 eorum

370 4122 398 4172 iu
411 4122 605 4172 desolationem
612 4119 626 4140 ”
638 4119 746 4186 (Jerenr.
757 4135 820 4170 xxv.
832 4069 941 4180 36-3il;

292 4187 389 4238 “Sicut
404 4187 492 4237 Schilo
504 4187 554 4236 erit
566 4185 662 4236 domus
679 4187 753 4245 haec,
767 4195 795 4235 et
814 4181 888 4250 [urbs
905 4183 971 4233 baec
992 4181 1006 4204 '¹
1020 4181 1213 4246 Hierosolyma
1226 4182 1301 4232 “erit
1312 4181 1356 4232 de-

370 4253 486 4302 vastatio
493 4251 507 4272 '¹
519 4251 627 4317 (Jerern.
641 4251 713 4302 xxvi.
727 4265 760 4314 9:
777 4265 835 4314 cap.
847 4249 928 4300 xxvii.
942 4260 972 4308 17
991 4263 998 4308 ς

291 4317 483 4382 Hierosolyma
499 4327 526 4368 et
544 4332 639 4366 omnes
650 4318 729 4366 urbes
741 4315 861 4381 Jebudae
873 4325 952 4364 erunt
968 4313 1100 4364 desolatio
1117 4323 1145 4362 et
1161 4312 1310 4362 devastatio
1327 4315 1355 4362 ln

370 4383 414 4434 die
422 4385 489 4442 hoc;
507 4419 552 4434 ...
565 4421 571 4434 .
585 4385 603 4407 ‘⁶
611 4391 720 4446 propter
727 4381 856 4435 malitiam
865 4395 977 4444 operum
985 4389 1136 4430 vestrorum
1139 4413 1223 4438 .....
1234 4375 1306 4428 iadis
1315 4387 1356 4428 est

369 4459 442 4499 terra
461 4459 551 4498 vestra
572 4450 600 4498 in
620 4447 827 4506 desolationem,
849 4447 877 4497 in
900 4455 1046 4510 stuporem,
1069 4454 1096 4496 et
1116 4439 1333 4494 maledictionem
1341 4441 1356 4462 '’

369 4513 695 4580 (Jmm.xliv.a,6,aa);

290 4579 427 4631 “Terram
439 4581 510 4630 dabo
522 4579 744 4639 devastationem,
758 4579 819 4630 ideo
829 4577 903 4642 qaod
920 4575 1095 4642 praevaricati
1111 4583 1175 4630 sunt
1191 4574 1354 4640 praevarica-

369 4645 472 4696 tionem
479 4645 494 4666 '¹
506 4644 607 4704 (Erech.
619 4659 663 4696 xv.
676 4645 717 4706 8);
