3352 5298
293 690 364 762 ,66
646 705 697 758 na
719 705 825 758 nova
848 705 1126 759 msnosonrnn
1229 694 1231 698 '

321 874 529 940 emlnentiae
551 893 665 952 causa,
689 885 725 940 et
748 874 916 952 similium,
940 886 994 941 est
1016 873 1093 940 finis
1115 876 1235 952 malus,
1256 885 1295 942 et
1321 877 1349 941 is
1371 895 1441 944 non

321 970 515 1053 proximum
533 979 639 1045 amat,
658 970 720 1033 sed
742 979 872 1034 semet:
900 981 937 1034 at
960 973 987 1034 sl
1011 969 1087 1034 finis
1105 970 1196 1046 ¹¹¹est,
1216 981 1255 1036 ut
1275 989 1360 1054 opes
1378 972 1442 1035 sibi

321 1072 510 1146 comparet,
524 1072 561 1127 ut
572 1065 607 1126 in
620 1073 714 1127 statu
727 1065 770 1128 sit
782 1064 982 1128 consulendi
995 1065 1138 1140 concivi,
1150 1066 1307 1130 societati
1320 1066 1440 1129 huma-

322 1175 397 1233 nae,
418 1158 548 1240 patriae
565 1167 602 1221 et
620 1157 798 1234 ecclesiae,
817 1158 971 1223 similiter
991 1168 1028 1222 ut
1050 1156 1240 1223 functiones
1259 1159 1322 1224 sibi
1344 1175 1440 1224 com·

322 1263 419 1334 paret
445 1252 492 1316 ob
516 1252 661 1315 eundem
687 1251 802 1327 finem,
825 1253 854 1315 is
879 1262 975 1316 amat
1001 1255 1205 1336 proximum.
1258 1254 1336 1337 lpse
1364 1253 1440 1317 linis

322 1356 463 1430 propter
477 1365 577 1429 quem
594 1347 678 1428 agit,
691 1345 773 1410 facit
790 1347 974 1423 hominem,
988 1366 1067 1410 nam
1083 1346 1158 1410 linis
1171 1357 1224 1411 est
1240 1347 1311 1430 ejus
1324 1367 1439 1426 amor;
1541 1355 1547 1370 '

321 1441 462 1524 quisque
480 1441 570 1504 enim
589 1460 651 1523 pro
673 1438 739 1504 fine
758 1441 867 1522 primo
889 1449 926 1504 et
949 1440 1071 1505 ultimo
1093 1441 1210 1518 habet,
1230 1440 1322 1526 quod
1341 1461 1441 1524 super

324 1536 438 1598 omnia
455 1543 561 1598 amat.

387 1696 484 1760 Haec
507 1693 696 1762 dictasunt
719 1696 762 1760 de
781 1697 963 1776 Proximo;
991 1717 1079 1762 nunc
1098 1699 1230 1764 dicetur
1248 1699 1292 1764 de
1310 1699 1440 1766 Amore

322 1809 406 1873 erga
424 1791 530 1866 illum,
551 1811 610 1854 seu
628 1791 671 1855 de
690 1790 879 1856 charitate.

382 1935 484 1985 10⁰.
515 1917 675 1982 Creditur
700 1937 720 1980 a
749 1917 866 1980 multis
891 1917 983 2001 quod
1012 1937 1109 1982 amor
1137 1937 1220 2000 erga
1244 1921 1440 2001 proximum

323 2013 368 2077 sit
387 2013 468 2076 dare
485 2011 698 2094 pauperibus,
715 2029 816 2094 opem
835 2009 920 2074 serre
939 2011 1117 2094 indigenti,
1131 2023 1166 2075 et
1185 2013 1312 2076 bonum
1331 2011 1441 2076 facere

323 2109 533 2192 culcunque,
564 2104 625 2169 sed
649 2105 798 2169 charitas
820 2115 874 2170 est
897 2106 1083 2188 prudenter
1105 2125 1218 2188 agere,
1243 2117 1279 2171 et
1302 2116 1441 2190 propter

312 2201 426 2266 finem
436 2213 474 2264 ut
486 2201 564 2264 inde
577 2201 718 2263 bonum.
749 2197 814 2280 Qui
827 2199 926 2264 alicui
939 2201 1076 2283 pauperi
1087 2213 1145 2264 aut
1157 2201 1323 2283 indigenti
1335 2199 1441 2264 male·

323 2295 389 2360 lico
411 2315 513 2378 opem
536 2295 611 2370 sert,
631 2295 659 2357 is
682 2293 857 2377 perillum
881 2294 1052 2359 malefacit
1076 2297 1253 2377 proximo;
1280 2313 1360 2358 nam
1383 2313 1443 2377 per

323 2409 436 2474 opem,
453 2409 554 2473 quam
570 2389 646 2464 fert,
664 2379 842 2452 confirmat
858 2389 952 2452 illum
972 2389 1005 2452 in
1022 2390 1124 2464 malo,
1142 2409 1181 2453 ac
1199 2389 1395 2472 suppeditat
1411 2388 1442 2453 ei

323 2486 458 2568 copiam
474 2483 709 2548 malefaciendi
725 2481 809 2546 aliis.
848 2481 962 2546 Aliter
977 2484 1032 2566 qui
1048 2483 1224 2566 suppetias
1238 2481 1302 2547 fert
1319 2482 1426 2546 bonis.

384 2595 478 2646 101·
506 2579 575 2644 Sed
597 2580 748 2644 charitas
770 2577 881 2642 multo
903 2577 1007 2641 latius
1028 2599 1066 2642 se
1088 2579 1251 2643 extendit
1272 2597 1374 2662 quam
1396 2579 1441 2642 ad

324 2693 490 2758 pauperes
513 2683 549 2736 et
572 2672 791 2754 indigentes;
818 2669 967 2735 charitas
990 2671 1079 2735 enim
1104 2681 1156 2736 est
1180 2669 1308 2736 rectum
1331 2669 1442 2736 facere

324 2771 358 2832 in
374 2769 466 2832 omni
483 2787 596 2850 opere,
610 2786 649 2830 ac
662 2767 816 2830 debitum
832 2766 866 2828 in
878 2767 971 2828 omni
984 2763 1106 2828 officio.
1147 2763 1182 2829 Si
1195 2765 1301 2848 judex
1314 2764 1441 2847 justum

324 2864 405 2927 lacit
421 2873 562 2945 propter
573 2861 714 2943 justum,
732 2857 936 2923 charitatem
953 2870 1094 2924 exercet
1109 2881 1117 2938 ;
1136 2861 1163 2922 si
1180 2859 1276 2943 punit
1292 2869 1440 2936 sontem,

324 2969 360 3023 et
380 2957 528 3022 absolvit
544 2959 728 3032 insontem,
742 2953 947 3018 charitatem
963 2967 1117 3030 exercet,
1135 2975 1213 3019 nam
1230 2955 1277 3019 sic
1294 2955 1442 3020 consulit

324 3055 456 3118 concivi
483 3063 518 3117 et
546 3050 693 3115 consulit
720 3051 861 3133 patriae.
907 3047 1074 3114 Sacerdos
1100 3051 1157 3134 qui
1183 3053 1287 3115 docet
1312 3067 1441 3125 verum,

324 3159 360 3212 et
376 3147 469 3210 ducit
485 3147 528 3210 ad
547 3147 686 3220 bonum,
703 3154 843 3226 propter
854 3163 971 3208 verum
987 3155 1023 3208 et
1040 3145 1177 3222 bonum,
1195 3145 1222 3209 is
1238 3144 1442 3209 charitatem

324 3252 474 3307 exercet.
521 3239 587 3322 Qui
606 3248 721 3303 autem
740 3238 823 3302 talia
841 3237 922 3303 facit
940 3249 1081 3321 propter
1103 3261 1139 3303 se
1162 3251 1198 3303 et
1222 3240 1394 3316 mundum,
1414 3239 1442 3302 is

325 3337 530 3401 charitatem
561 3353 629 3398 non
659 3341 812 3408 exercet,
837 3333 914 3416 quia
940 3352 1009 3397 non
1039 3343 1134 3397 amat
1158 3335 1351 3416 proximum
1382 3333 1443 3397 sed

325 3441 445 3496 semet.

384 3535 479 3588 ιω.
507 3520 624 3586 Simile
643 3529 696 3584 est
718 3537 795 3583 cum
817 3519 966 3602 reliquie,
985 3521 1056 3583 sive
1079 3519 1112 3584 in
1135 3519 1250 3602 aliqua
1267 3517 1442 3585 iunctione

325 3617 405 3693 sint,
425 3617 497 3679 sive
516 3633 584 3678 non
603 3615 693 3692 sint;
713 3621 758 3676 ut
782 3631 859 3676 cum
878 3611 992 3676 liberis
1015 3631 1097 3695 erga
1116 3623 1287 3696 parentes,
1306 3621 1343 3676 et
1365 3631 1442 3676 cum

325 3711 522 3796 parentibus
539 3729 620 3791 erga
639 3708 762 3772 liberos
777 3729 785 3786 ;
808 3725 886 3771 cum
901 3707 1007 3770 servis
1025 3725 1108 3788 erga
1124 3707 1291 3782 dominos,
1309 3717 1345 3770 et
1364 3725 1441 3770 cum

325 3808 471 3872 dominis
498 3826 580 3888 erga
607 3823 743 3882 servos;
774 3821 852 3868 cum
875 3802 1019 3866 subditis
1045 3823 1128 3884 erga
1149 3820 1277 3884 regem,
1302 3813 1338 3866 et
1365 3821 1443 3866 curn

325 3919 406 3984 rege
428 3919 510 3984 erga
533 3900 707 3963 subditos:
735 3898 791 3982 qui
813 3917 858 3960 ex
882 3896 948 3959 illis
967 3897 1119 3960 debitum
1138 3897 1219 3960 facit
1242 3915 1288 3960 ex
1311 3897 1440 3972 debito,

325 4007 362 4060 et
377 3996 506 4078 justum
525 4015 570 4058 ex
585 3993 689 4076 justo,
709 3991 738 4055 is
756 3991 961 4056 charitatem
978 3999 1129 4055 exercet.

385 4102 484 4170 103.
513 4085 615 4170 Quod
638 4085 697 4148 illa
718 4085 844 4148 amoris
866 4103 950 4166 erga
972 4083 1166 4166 proximum
1186 4101 1245 4147 seu
1263 4083 1443 4148 charitatis

326 4178 433 4258 ¹¹¹sint,
450 4189 504 4244 est
523 4181 610 4263 quia,
628 4187 665 4264 ut
682 4197 781 4260 supra
797 4173 924 4240 dietum
943 4187 1007 4251 est,
1025 4179 1252 4260 unusquisque
1268 4175 1373 4240 homo
1388 4188 1443 4243 est

325 4277 512 4360 proximus,
536 4274 596 4336 sed
620 4271 866 4349 diversimode;
897 4271 1045 4334 societas
1068 4271 1178 4334 minor
1200 4281 1236 4334 et
1259 4269 1368 4353 major
1388 4282 1442 4336 est

326 4371 435 4453 magis
454 4369 648 4454 proximus;
676 4367 786 4452 patria
808 4365 919 4430 adhuc
942 4367 1052 4448 magis
1074 4365 1272 4448 proximus;
1298 4383 1443 4448 regnum

322 4463 462 4529 Domini
484 4463 597 4527 adhuc
624 4463 735 4544 magis
749 4481 757 4540 ;
795 4470 831 4525 et
856 4459 1023 4525 Dominus
1046 4479 1147 4544 supra
1169 4477 1308 4524 omnes:
1345 4467 1382 4523 et
1412 4459 1446 4522 in

321 4577 423 4622 sensu
447 4557 629 4621 universali
659 4555 803 4631 Bonum,
828 4555 920 4638 quod
943 4553 1099 4637 procedit
1130 4573 1175 4618 ex
1206 4553 1367 4629 Domino,
1391 4563 1446 4618 est

321 4653 521 4735 proximus;
559 4659 813 4735 consequentur
835 4651 940 4714 etiam
971 4659 1025 4714 est
1049 4650 1217 4714 sincerum
1241 4657 1277 4713 et
1296 4645 1444 4730 justum:
