3288 5294
302 655 363 740 ¹5⁶
616 671 668 722 ua
690 670 796 722 uovn
820 669 1097 723 arenosorum

298 837 378 921 quid
397 837 441 902 ad
464 847 652 914 aeternum,
672 848 708 903 et
731 839 894 923 percipiet
913 839 1004 923 quod
1028 857 1096 903 non
1115 837 1184 904 sint
1196 857 1205 920 ;
1232 836 1313 924 quid
1335 845 1417 905 tunc

297 932 401 1014 aliqui
420 933 499 996 anni
518 934 610 996 vitae
629 934 662 996 in
683 933 835 996 mundo?

361 1039 457 1110 270.
488 1025 555 1108 Qui
578 1028 642 1091 rite
665 1027 843 1110 expendit,
864 1029 949 1092 scire
972 1037 1089 1111 potest
1118 1027 1209 1111 quod
1233 1027 1419 1092 eminentia

298 1129 334 1184 et
354 1120 529 1202 opulentia
552 1123 585 1184 in
609 1123 737 1185 mundo
760 1141 829 1185 non
852 1125 920 1188 sint
944 1122 1059 1212 reales¹
1076 1119 1333 1186 benedictiones
1357 1119 1417 1184 Di·

297 1216 408 1290 vinae,
423 1217 564 1279 tametsi
581 1215 685 1279 homo
696 1237 743 1280 ex
759 1237 820 1280 suo
832 1217 946 1298 volupi
959 1217 1035 1279 illas
1050 1217 1099 1280 ita
1110 1227 1225 1292 vocat,
1239 1223 1417 1280 transeunt

297 1310 400 1384 enim,
421 1319 457 1374 et
480 1330 615 1393 quoque
638 1311 806 1375 seducunt
837 1311 975 1386 multos,
996 1321 1032 1374 et
1060 1320 1222 1374 avertunt
1251 1330 1271 1374 a
1301 1309 1417 1387 caelo;

298 1403 359 1467 sed
378 1404 468 1487 quod
482 1406 552 1468 vita
571 1415 713 1468 aeterna
731 1415 767 1469 et
785 1404 856 1486 ejus
874 1405 1019 1470 ieIIcitas
1038 1405 1107 1468 sint
1125 1403 1235 1468 reales
1254 1404 1416 1468 benedic·

298 1497 411 1561 tiones
434 1517 520 1580 quae
543 1519 563 1562 a
586 1497 720 1563 Divino.
768 1498 863 1564 Haec
888 1500 992 1564 etiam
1012 1499 1115 1565 docet
1139 1499 1306 1562 Dominus
1329 1497 1418 1582 apud

297 1591 432 1668 Lucam,

348 1727 363 1750 “
373 1725 462 1776 Facite
472 1727 561 1776 vobis.
572 1727 755 1777 ..thesaurum
765 1741 821 1776 non
829 1726 997 1777 deficientem
1008 1728 1034 1777 in
1045 1729 1134 1788 caelis,
1144 1743 1197 1792 quo
1209 1728 1252 1778 iur
1260 1743 1316 1778 non
1327 1741 1419 1793 perve-

430 1791 477 1850 nit,
488 1807 574 1855 neque
584 1793 658 1842 tinea
666 1793 813 1855 corrumpit
824 1807 830 1854 ;
842 1794 968 1856 ubijenirn
978 1804 1020 1844 est
1032 1795 1174 1844 thesaurus
1182 1803 1279 1856 vestm,
1290 1795 1327 1845 ibi
1336 1795 1418 1846 etiarn

429 1871 476 1906 cor
488 1867 606 1906 vestrum
619 1858 670 1907 erit
678 1856 692 1878 ''
704 1857 759 1919 (xii.
772 1869 811 1919 33,
824 1859 874 1920 34).

357 1999 447 2068 271.
476 1985 578 2067 Quod
601 1987 768 2051 succedat
790 1987 890 2050 malis
912 1988 1101 2052 secundum
1117 1997 1222 2066 artes,
1238 1999 1293 2054 est
1314 2007 1419 2054 causa

298 2077 377 2160 quia
395 2098 440 2141 ex
458 2077 583 2142 Divino
599 2079 717 2143 ordine
736 2089 790 2144 est
809 2080 1001 2163 utquisque
1018 2101 1063 2144 ex
1080 2081 1212 2145 ratione
1228 2091 1311 2164 agat
1328 2081 1418 2165 quod

298 2173 382 2252 agit,
403 2181 439 2236 et
462 2193 597 2258 quoque
620 2193 665 2237 ex
689 2173 816 2252 libero;
844 2185 1052 2258 quapropter
1070 2177 1133 2239 nisi
1155 2172 1309 2240 relictum
1331 2175 1418 2242 foret

298 2265 428 2330 homini
455 2286 557 2348 agere
584 2267 770 2332 secundum
798 2267 870 2350 ejus
896 2269 1065 2332 rationem
1093 2289 1139 2333 ex
1166 2269 1284 2346 libero,
1307 2279 1343 2334 et
1370 2270 1417 2334 sic

298 2379 431 2442 quoque
451 2371 553 2434 artes,
574 2381 661 2444 quae
683 2361 763 2426 inde
782 2373 872 2436 sunt,
893 2363 1127 2438 succederent,
1147 2362 1252 2426 homo
1271 2363 1418 2428 nullate·

298 2472 361 2516 nus
381 2465 498 2536 posset
518 2455 651 2538 disponi
674 2457 717 2520 ad
735 2457 964 2538 recipiendum
984 2457 1090 2519 vitam
1109 2465 1306 2533 aeternam;
1333 2455 1417 2520 haec

298 2547 388 2611 enirn
406 2549 594 2614 insinuatur
610 2569 686 2614 curn
703 2549 808 2614 homo
825 2561 878 2614 est
898 2551 930 2613 in
951 2550 1057 2613 libero
1073 2559 1109 2614 et
1127 2553 1216 2614 ratio
1235 2550 1305 2632 ejus
1324 2549 1418 2614 illus·

298 2651 427 2706 tratur:
455 2663 557 2707 nemo
581 2664 728 2729 namque
747 2646 825 2728 cogi
849 2656 965 2728 potest
988 2645 1032 2707 ad
1056 2643 1194 2720 bonum,
1215 2645 1294 2727 quia
1316 2664 1419 2710 omne

298 2733 456 2801 coactum
466 2757 534 2800 non
548 2739 714 2816 inhaeret,
727 2741 895 2804 nonenim
907 2749 960 2804 est
974 2739 1090 2822 ipsius;
1110 2739 1144 2802 id
1157 2740 1261 2822 ipsius
1273 2739 1418 2802 hominis

298 2827 337 2893 fit
353 2833 443 2914 quod
463 2853 508 2896 ex
529 2832 636 2898 libero
652 2834 837 2897 secundum
855 2832 925 2914 ejus
940 2835 1108 2898 rationem
1128 2832 1176 2908 fit,
1194 2843 1230 2898 et
1249 2855 1294 2898 ex
1313 2833 1419 2897 libero

298 2924 336 2989 fit
355 2927 446 3008 quod
466 2947 511 2990 ex
530 2927 712 2992 voluntate
728 2949 787 2991 seu
805 2948 931 3002 amore,
945 2947 984 2991 ac
1001 2927 1161 2992 voluntas
1177 2947 1236 2992 seu
1252 2947 1347 2992 amor
1365 2937 1419 2994 est

297 3021 370 3102 ipse
389 3020 514 3084 horno:
539 3023 566 3086 si
586 3033 767 3104 cogeretur
785 3021 889 3086 homo
906 3023 950 3086 ad
968 3023 1001 3086 id
1020 3023 1111 3106 quod
1131 3043 1199 3086 non
1219 3022 1303 3098 vult,
1321 3023 1419 3086 incli-

298 3123 396 3178 naret
412 3115 527 3180 animo
544 3136 679 3200 semper
695 3118 738 3180 ad
757 3117 791 3180 id
810 3117 901 3200 quod
917 3116 1012 3195 vult;
1036 3127 1071 3180 et
1088 3127 1265 3200 praeterea
1280 3117 1420 3200 quisque

297 3207 419 3272 nititur
437 3209 480 3272 ad
499 3213 656 3286 vetitum,
677 3221 713 3276 et
733 3212 798 3275 hoc
823 3231 868 3276 ex
891 3231 993 3274 causa
1012 3210 1145 3275 latente
1167 3212 1245 3293 quia
1267 3211 1311 3274 ad
1335 3209 1418 3274 libe·

297 3320 382 3366 rum.
427 3303 512 3368 Inde
531 3315 629 3387 patet
648 3306 738 3388 quod
758 3305 821 3368 nisi
843 3305 947 3368 homo
967 3315 1142 3369 teneretur
1161 3307 1194 3368 in
1214 3304 1331 3382 libero,
1351 3323 1419 3369 non

298 3395 329 3460 ei
348 3397 518 3478 provideri
537 3409 655 3480 posset
674 3400 810 3464 bonum.
833 3439 835 3445 .
855 3401 860 3410 '

361 3503 451 3572 272.
480 3489 689 3572 Relinquere
707 3489 838 3554 homini
859 3509 903 3553 ex
926 3510 989 3552 suo
1007 3489 1116 3553 libero
1131 3491 1237 3554 etiam
1253 3489 1419 3572 cogitare,

297 3582 398 3657 velle,
416 3591 452 3644 et
468 3593 633 3664 quantum
651 3601 720 3645 non
736 3581 892 3646 inhibent
911 3580 1019 3664 leges,
1035 3581 1146 3646 iacere
1162 3581 1299 3658 malum,
1317 3601 1419 3646 voca·

298 3688 354 3746 tur
372 3675 580 3759 permittere.

358 3781 452 3852 273·
482 3767 570 3830 Duci
592 3767 635 3831 ad
657 3765 769 3830 felicia
790 3767 824 3830 in
848 3768 976 3832 mundo
997 3788 1058 3851 per
1073 3777 1177 3844 artes,
1193 3777 1337 3850 apparet
1356 3767 1421 3831 ho-

298 3863 381 3927 mini
411 3863 498 3925 sicut
529 3860 574 3924 sit
601 3880 648 3924 ex
676 3859 811 3942 propria
841 3859 1042 3942 prudentia3
1076 3859 1137 3924 sed
1165 3879 1269 3942 usque
1295 3859 1422 3942 jugiter

298 3957 484 4022 comitatur
517 3955 640 4018 Divina
674 3955 890 4038 providentia
924 3955 1157 4038 permittendo
1189 3963 1226 4019 et
1260 3955 1421 4020 continue

298 4052 501 4116 abducendo
524 4071 545 4113 a
568 4049 682 4114 malo:
711 4057 747 4112 at
771 4047 849 4112 duci
872 4048 916 4111 ad
939 4048 1050 4112 felicia
1072 4049 1106 4112 in
1130 4047 1238 4124 caelo,
1259 4049 1364 4114 scitur
1386 4059 1422 4114 et

299 4145 485 4230 percipitur
514 4143 605 4228 quod
636 4162 705 4206 non
736 4143 781 4206 sit
811 4161 857 4206 ex
888 4143 1023 4226 propria
1049 4141 1241 4225 prudentia,
1269 4143 1347 4225 quia
1376 4163 1421 4206 ex

299 4239 460 4315 Domino,
484 4252 520 4303 et
547 4237 584 4303 fit
612 4259 658 4302 ex
686 4237 811 4302 Divina
837 4235 946 4320 Ipsius
969 4235 1185 4320 providentia
1207 4237 1422 4320 disponendo

298 4343 334 4400 et
353 4335 516 4398 continue
535 4333 693 4398 ducendo
711 4333 755 4396 ad
775 4333 911 4396 bonum.

357 4439 451 4510 274.
480 4425 583 4508 Quod
599 4426 648 4488 ita
661 4425 717 4500 sit,
730 4425 836 4488 homo
849 4443 917 4486 non
931 4443 1054 4506 capere
1067 4431 1186 4506 potest
1202 4443 1249 4487 ex
1265 4417 1421 4487 Naturae

298 4515 438 4594 lumine,
461 4536 540 4582 nam
560 4537 605 4581 ex
624 4516 684 4581 illo
703 4536 771 4580 non
791 4515 856 4579 scit
876 4515 971 4596 leges
990 4515 1117 4578 ordinis
1137 4513 1263 4579 Divini.

358 4625 453 4695 275.
482 4609 666 4675 Sciendum
685 4617 739 4672 est
757 4607 849 4690 quod
868 4609 912 4670 sit
928 4607 1146 4688 providentia
1161 4615 1197 4671 et
1214 4605 1421 4690 praeviden-
