3338 5300
282 679 454 744 ANTIQUA
464 679 567 729 ERAT
578 679 759 731 ECCLESIA
769 679 1226 732 REPRAESENTATIVA.-N.
1237 681 1287 746 42.
1325 679 1361 747 53

247 845 414 929 Quodque
433 847 586 911 similiter
605 847 714 930 Tyrus
733 870 778 913 ex
797 849 867 912 his:

294 987 336 1036 Tu
356 987 479 1050 princeps
497 985 570 1050 Tyri,
593 985 715 1049 “plenus
736 985 877 1047 sapientia,
896 993 923 1034 et
943 979 1077 1048 periedlus
1098 981 1311 1046 pulchritudine;
1337 983 1363 1032 in

263 1115 266 1126 ,
376 1057 503 1128 [Edene,]
516 1061 605 1111 Horto
616 1061 665 1110 Dei
675 1061 757 1118 fuisti,
768 1060 856 1110 omnis
866 1059 933 1123 lapis
943 1061 1075 1124 pretiosus
1085 1068 1268 1122 tegumentum
1278 1067 1362 1108 tuum.

376 1165 402 1177 ..
417 1165 442 1178 ..
481 1125 617 1178 Perledlus
635 1136 664 1176 tu
681 1127 708 1175 in
727 1127 778 1176 viis
796 1127 857 1184 tuis,
870 1140 888 1174 a
904 1126 948 1176 die
965 1139 1017 1188 quo
1031 1135 1143 1185 creatus,
1157 1125 1243 1174 donec
1255 1124 1365 1174 inventa

375 1202 416 1242 est
428 1194 587 1256 perversitas
601 1193 627 1241 in
637 1201 663 1242 te
671 1191 685 1212 ”
697 1191 798 1255 (Eseclr.
810 1191 900 1241 xxviii.
914 1190 1011 1252 12-15).

249 1335 347 1418 Quod
364 1335 501 1402 Aschur
515 1337 613 1402 luerit
630 1338 717 1402 sicut
735 1335 888 1400 “cedrus
906 1336 940 1399 in
956 1334 1118 1410 Liban0,”
1134 1355 1179 1399 ex
1197 1333 1268 1398 his:

298 1483 392 1534 “Ecce
412 1483 517 1534 Aschur
539 1485 633 1536 cedrus
656 1485 683 1534 in
708 1483 819 1542 Libano,
839 1484 949 1547 pulchra
969 1498 1044 1533 ramo
1046 1519 1129 1542 .....
1140 1483 1196 1532 alta
1215 1481 1362 1532 altitudine.

379 1587 404 1601 ..
417 1587 423 1600 .
436 1587 442 1600 .
480 1549 511 1599 In
529 1551 610 1599 ramis
622 1550 681 1613 ejus
693 1549 862 1599 nidificamnt
874 1563 969 1598 omnes
981 1564 1044 1598 aves
1057 1549 1200 1606 caelorum,
1215 1559 1242 1598 et
1258 1549 1308 1597 sub
1326 1563 1365 1598 ra-

377 1616 428 1665 mis
440 1615 499 1678 ejus
511 1623 671 1678 pepererunt
682 1617 772 1666 omnis
783 1616 870 1664 bestia
880 1615 946 1676 agri,
960 1625 987 1664 et
999 1616 1025 1664 in
1035 1616 1131 1664 umbra
1142 1613 1201 1676 ejus
1212 1613 1364 1662 habitarunt

377 1695 472 1730 omnes
489 1691 584 1743 gentes
602 1695 725 1742 magnae.
863 1679 960 1730 Omnis
980 1681 1060 1730 arbor
1080 1681 1107 1730 in
1130 1679 1219 1728 Horto
1240 1678 1290 1728 Dei
1310 1693 1365 1728 non

378 1761 426 1810 par
439 1746 488 1795 iuit
506 1747 542 1795 illi
561 1747 754 1808 pulchritudine
757 1783 858 1805 ......
873 1753 899 1795 et
916 1746 1064 1794 aemulatae
1082 1755 1145 1794 sunt
1162 1745 1201 1794 illi
1213 1757 1308 1794 omnes
1325 1757 1366 1793 ar-

377 1811 457 1861 bores
470 1809 569 1862 Edenis
582 1811 688 1874 quaein
703 1811 791 1861 Horto
805 1811 854 1860 Dei
862 1809 876 1831 ''
886 1811 986 1873 (Erech.
998 1811 1070 1862 xxxi.
1083 1809 1149 1874 3-9).

174 1949 177 1961 '
249 1951 349 2034 Quod
368 1953 535 2036 sapientia
554 1953 701 2018 floruerit
720 1954 753 2017 in
773 1953 912 2032 Arabia,
932 1962 1071 2018 constat

315 2101 354 2151 Ex
367 2099 534 2164 profedlione
547 2101 668 2166 Reginae
680 2101 798 2152 Schebae
810 2102 844 2151 ad
857 2101 1027 2152 Salomonem
1040 2101 1064 2161 (t
1075 2103 1136 2166 Reg.
1147 2115 1173 2152 x.
1187 2095 1301 2164 1-131¹l);

249 2225 330 2280 tunc

298 2351 338 2401 Es
355 2351 439 2402 tribus
452 2352 621 2416 Sapientibus
632 2353 676 2417 qui
687 2361 820 2404 venerunt
836 2353 870 2404 ad
887 2351 979 2418 Jesum
996 2368 1089 2404 reeens
1107 2362 1208 2412 natum.
1222 2362 1367 2417 praeeunte

378 2418 457 2467 stella
468 2418 576 2481 (Matri.
590 2419 616 2468 ii.
631 2418 711 2480 1-12).

313 2561 432 2625 Tertius
446 2567 623 2644 alquerius
636 2563 838 2626 statusillius
854 2561 1041 2638 Ecclesiae,
1056 2563 1110 2646 qui
1126 2562 1186 2626 suit
1203 2561 1272 2644 ejus
1288 2583 1365 2627 vas·

249 2659 388 2722 tationis
407 2665 442 2720 et
458 2658 771 2732 consummationis,
789 2658 988 2722 describitur
1004 2659 1036 2720 in
1052 2656 1169 2721 Verbo
1189 2659 1313 2740 passim
1333 2659 1365 2721 in

249 2753 417 2815 historicis
430 2761 465 2815 et
482 2752 606 2834 passim
619 2753 652 2814 in
666 2751 872 2834 propheticis
885 2751 964 2833 ejus.
1010 2751 1268 2816 Consummatio
1281 2773 1365 2834 gen·

250 2848 333 2910 tium
349 2847 474 2909 circum
488 2845 672 2928 Jordanem
689 2867 748 2910 seu
764 2846 904 2910 Terram
922 2845 1128 2922 Canaanem
1146 2847 1346 2910 describitur

300 2993 350 3042 Per
361 2990 569 3121 dgifflssm
589 2993 730 3052 Sodomae,
746 2992 921 3054 Gomorrhae,
937 2993 1041 3044 Admae
1058 3003 1085 3044 et
1102 2993 1212 3044 Zeboim
1224 2993 1297 3055 (Gen.
1311 2995 1365 3046 xiv.

250 3181 507 3262 Consummatio
530 3181 707 3248 Ecclesiae
729 3183 883 3266 gentium
907 3184 996 3248 intra
1025 3182 1220 3264 Jordanem‚
1244 3203 1303 3247 seu
1333 3183 1366 3248 in

252 3278 357 3342 Terra
376 3277 546 3354 Canaane‚

300 3419 351 3471 Per
362 3421 545 3552 etrypuclision3m
556 3430 582 3472 et
594 3421 758 3486 quarundam
770 3421 978 3471 internecionem
989 3419 1070 3486 (apud
1085 3422 1203 3487 ἵππω,
1214 3421 1277 3471 etin
1293 3421 1368 3471 Lttw

407 3504 425 3536 il
442 3503 510 3536 mm
523 3523 529 3537 .

253 3615 510 3680 Consummatio
529 3615 707 3680 Ecclesiae
725 3616 821 3680 istius
839 3616 873 3681 in
892 3615 1069 3700 Aegypto,

300 3763 352 3814 Per
371 3765 583 3892 submersionem
605 3763 754 3816 Pharaonis
774 3775 802 3816 et
822 3763 1017 3828 Aegyptiorum
1039 3765 1067 3816 ln
1088 3763 1158 3816 Mari
1179 3765 1252 3830 Suph
1272 3765 1364 3829 (ΕΜ.

380 3845 454 3880 xlv..

252 3944 298 4009 Et
317 3945 364 4009 sic
384 3965 493 4028 porro.

312 4053 380 4123 42·
411 4038 549 4104 Certum
566 4039 725 4123 estquod
744 4039 900 4105 Ecclesia
915 4040 999 4105 haec
1017 4039 1170 4124 Antiqua
1185 4040 1282 4106 luerit
1298 4039 1366 4104 Ec·

250 4131 354 4196 clesia
372 4135 670 4216 repraesentativa,
691 4155 777 4218 quae
795 4136 828 4198 in
845 4135 936 4218 typis
955 4145 990 4199 et
1009 4135 1113 4216 signis
1129 4135 1313 4198 visibilibus
1332 4143 1367 4198 et

251 4225 459 4292 naturalibus
478 4227 645 4310 figurabat
664 4229 841 4293 invisibilia
857 4239 891 4294 et
911 4228 1096 4312 spiritualia
1112 4227 1288 4292 Ecclesiae
1307 4229 1366 4292 de·

251 4340 343 4385 mum
368 4333 542 4398 venturae,
566 4324 702 4406 quando
729 4323 806 4406 Ipse
828 4323 981 4405 Jehovah
1005 4321 1048 4388 Se
1075 4323 1307 4386 manifestaret
1334 4324 1366 4386 in

250 4413 405 4478 Naturali
422 4415 547 4480 Forma
564 4415 733 4492 Humana,
748 4427 783 4482 et
800 4417 960 4500 perhanc
978 4417 1047 4482 Sibi
1066 4417 1162 4481 daret
1179 4419 1366 4498 ingressum

250 4509 293 4572 ad
311 4509 476 4584 homines,
494 4519 529 4574 et
548 4511 739 4575 hominibus
755 4511 884 4576 aditum
903 4512 946 4576 ad
966 4509 1020 4588 Se,
1041 4521 1076 4576 et
1095 4512 1141 4576 sic
1162 4512 1304 4575 nudaret
1324 4509 1367 4576 Se

249 4623 269 4667 a
288 4605 389 4687 typis,
406 4615 442 4668 et
458 4605 621 4670 conderet
638 4605 830 4670 Ecclesiam
847 4626 923 4671 cum
940 4607 1130 4690 praeceptis
1146 4627 1232 4690 quae
1247 4625 1367 4670 omnes
