<?xml version="1.0" encoding="UTF-8"?>
<!DOCTYPE html PUBLIC "-//W3C//DTD XHTML 1.0 Transitional//EN"
    "http://www.w3.org/TR/xhtml1/DTD/xhtml1-transitional.dtd">
<html xmlns="http://www.w3.org/1999/xhtml" xml:lang="en" lang="en">
 <head>
  <title>
</title>
<meta http-equiv="Content-Type" content="text/html;charset=utf-8" />
  <meta name='ocr-system' content='tesseract 3.04.00' />
  <meta name='ocr-capabilities' content='ocr_page ocr_carea ocr_par ocr_line ocrx_word'/>
</head>
<body>
  <div class='ocr_page' id='page_1' title='image "./denovahierosoly00swedgoog_0496.png"; bbox 0 0 3338 5300; ppageno 0'>
   <div class='ocr_carea' id='block_1_1' title="bbox 495 721 1391 794">
    <p class='ocr_par' dir='ltr' id='par_1_1' title="bbox 495 721 1391 794">
     <span class='ocr_line' id='line_1_1' title="bbox 495 721 1391 794; baseline -0.001 -22"><span class='ocrx_word' id='word_1_1' title='bbox 495 721 697 773; x_wconf 82' lang='lat' dir='ltr'>INVITATIO</span> <span class='ocrx_word' id='word_1_2' title='bbox 720 723 772 773; x_wconf 81' lang='lat' dir='ltr'><strong>AD</strong></span> <span class='ocrx_word' id='word_1_3' title='bbox 796 721 932 772; x_wconf 82' lang='lat' dir='ltr'><strong>NOVAM</strong></span> <span class='ocrx_word' id='word_1_4' title='bbox 957 721 1179 774; x_wconf 86' lang='lat' dir='ltr'><strong>ECCLESIAM.</strong></span> <span class='ocrx_word' id='word_1_5' title='bbox 1349 724 1391 794; x_wconf 81' lang='lat'><strong>93</strong></span> 
     </span>
    </p>
   </div>
   <div class='ocr_carea' id='block_1_2' title="bbox 273 887 1445 1352">
    <p class='ocr_par' dir='ltr' id='par_1_2' title="bbox 273 887 1445 1352">
     <span class='ocr_line' id='line_1_2' title="bbox 275 887 1392 974; baseline -0.002 -18"><span class='ocrx_word' id='word_1_6' title='bbox 275 889 420 956; x_wconf 89' lang='lat' dir='ltr'><strong>alterum</strong></span> <span class='ocrx_word' id='word_1_7' title='bbox 439 911 547 973; x_wconf 89' lang='lat' dir='ltr'><strong>genus</strong></span> <span class='ocrx_word' id='word_1_8' title='bbox 570 901 623 956; x_wconf 88' lang='lat' dir='ltr'><strong>est</strong></span> <span class='ocrx_word' id='word_1_9' title='bbox 644 891 878 972; x_wconf 87' lang='lat' dir='ltr'><strong>cognitionum</strong></span> <span class='ocrx_word' id='word_1_10' title='bbox 897 911 984 974; x_wconf 91' lang='lat' dir='ltr'><strong>quae</strong></span> <span class='ocrx_word' id='word_1_11' title='bbox 1002 887 1216 974; x_wconf 83' lang='lat' dir='ltr'><strong>¹¹¹procedunt</strong></span> <span class='ocrx_word' id='word_1_12' title='bbox 1235 891 1279 954; x_wconf 88' lang='lat' dir='ltr'><strong>ab</strong></span> <span class='ocrx_word' id='word_1_13' title='bbox 1301 890 1392 974; x_wconf 86' lang='lat' dir='ltr'><strong>Ipso,</strong></span> 
     </span>
     <span class='ocr_line' id='line_1_3' title="bbox 273 985 1445 1068; baseline 0 -18"><span class='ocrx_word' id='word_1_14' title='bbox 273 995 352 1050; x_wconf 87' lang='lat' dir='ltr'><strong>-et</strong></span> <span class='ocrx_word' id='word_1_15' title='bbox 371 1005 457 1068; x_wconf 89' lang='lat' dir='ltr'><strong>quae</strong></span> <span class='ocrx_word' id='word_1_16' title='bbox 475 985 664 1068; x_wconf 90' lang='lat' dir='ltr'><strong>procedunt</strong></span> <span class='ocrx_word' id='word_1_17' title='bbox 685 1006 730 1050; x_wconf 85' lang='lat' dir='ltr'><strong>ex</strong></span> <span class='ocrx_word' id='word_1_18' title='bbox 750 985 829 1067; x_wconf 90' lang='lat' dir='ltr'><strong>Ipso</strong></span> <span class='ocrx_word' id='word_1_19' title='bbox 848 995 927 1050; x_wconf 92' lang='lat' dir='ltr'><strong>sunt</strong></span> <span class='ocrx_word' id='word_1_20' title='bbox 947 985 1044 1068; x_wconf 87' lang='lat' dir='ltr'><strong>Ipse;</strong></span> <span class='ocrx_word' id='word_1_21' title='bbox 1068 986 1157 1049; x_wconf 92' lang='lat' dir='ltr'><strong>sicut</strong></span> <span class='ocrx_word' id='word_1_22' title='bbox 1175 985 1266 1068; x_wconf 94' lang='lat' dir='ltr'><strong>quod</strong></span> <span class='ocrx_word' id='word_1_23' title='bbox 1289 985 1393 1050; x_wconf 86' lang='lat' dir='ltr'><strong>docet</strong></span> <span class='ocrx_word' id='word_1_24' title='bbox 1442 987 1445 994; x_wconf 88' lang='lat'>&#39;</span> 
     </span>
     <span class='ocr_line' id='line_1_4' title="bbox 275 1079 1393 1155; baseline 0.002 -13"><span class='ocrx_word' id='word_1_25' title='bbox 275 1079 318 1144; x_wconf 89' lang='lat' dir='ltr'><strong>de</strong></span> <span class='ocrx_word' id='word_1_26' title='bbox 341 1079 527 1155; x_wconf 90' lang='lat' dir='ltr'><strong>Charitate,</strong></span> <span class='ocrx_word' id='word_1_27' title='bbox 547 1081 589 1144; x_wconf 90' lang='lat' dir='ltr'><strong>de</strong></span> <span class='ocrx_word' id='word_1_28' title='bbox 606 1079 732 1144; x_wconf 91' lang='lat' dir='ltr'><strong>Libero</strong></span> <span class='ocrx_word' id='word_1_29' title='bbox 754 1080 918 1155; x_wconf 85' lang='lat' dir='ltr'>Arbitrio,</span> <span class='ocrx_word' id='word_1_30' title='bbox 942 1081 985 1143; x_wconf 93' lang='lat' dir='ltr'><strong>de</strong></span> <span class='ocrx_word' id='word_1_31' title='bbox 1008 1080 1231 1155; x_wconf 82' lang='lat' dir='ltr'><strong>Paenitentia,</strong></span> <span class='ocrx_word' id='word_1_32' title='bbox 1256 1080 1298 1143; x_wconf 91' lang='lat' dir='ltr'><strong>de</strong></span> <span class='ocrx_word' id='word_1_33' title='bbox 1322 1080 1393 1144; x_wconf 90' lang='lat' dir='ltr'><strong>Re·</strong></span> 
     </span>
     <span class='ocr_line' id='line_1_5' title="bbox 275 1173 1392 1256; baseline 0.002 -18"><span class='ocrx_word' id='word_1_34' title='bbox 275 1174 507 1256; x_wconf 80' lang='lat' dir='ltr'><strong>generatione,</strong></span> <span class='ocrx_word' id='word_1_35' title='bbox 535 1175 579 1238; x_wconf 90' lang='lat' dir='ltr'><strong>de</strong></span> <span class='ocrx_word' id='word_1_36' title='bbox 607 1173 848 1249; x_wconf 85' lang='lat' dir='ltr'><strong>Sacramentis,</strong></span> <span class='ocrx_word' id='word_1_37' title='bbox 876 1183 912 1238; x_wconf 92' lang='lat' dir='ltr'><strong>et</strong></span> <span class='ocrx_word' id='word_1_38' title='bbox 941 1173 1151 1256; x_wconf 86' lang='lat' dir='ltr'><strong>perpluribus</strong></span> <span class='ocrx_word' id='word_1_39' title='bbox 1179 1174 1273 1238; x_wconf 90' lang='lat' dir='ltr'><strong>aliis:</strong></span> <span class='ocrx_word' id='word_1_40' title='bbox 1308 1174 1392 1240; x_wconf 84' lang='lat' dir='ltr'><strong>haec</strong></span> 
     </span>
     <span class='ocr_line' id='line_1_6' title="bbox 275 1268 1217 1352; baseline 0.001 -20"><span class='ocrx_word' id='word_1_41' title='bbox 275 1289 408 1352; x_wconf 90' lang='lat' dir='ltr'><strong>quoque</strong></span> <span class='ocrx_word' id='word_1_42' title='bbox 426 1268 552 1333; x_wconf 83' lang='lat' dir='ltr'><strong>faciunt</strong></span> <span class='ocrx_word' id='word_1_43' title='bbox 571 1269 683 1333; x_wconf 89' lang='lat' dir='ltr'><strong>ideam</strong></span> <span class='ocrx_word' id='word_1_44' title='bbox 702 1269 850 1346; x_wconf 88' lang='lat' dir='ltr'><strong>Domini,</strong></span> <span class='ocrx_word' id='word_1_45' title='bbox 870 1270 948 1352; x_wconf 88' lang='lat' dir='ltr'><strong>quia</strong></span> <span class='ocrx_word' id='word_1_46' title='bbox 965 1271 1009 1332; x_wconf 86' lang='lat' dir='ltr'><strong>ab</strong></span> <span class='ocrx_word' id='word_1_47' title='bbox 1029 1269 1108 1352; x_wconf 91' lang='lat' dir='ltr'><strong>Ipso</strong></span> <span class='ocrx_word' id='word_1_48' title='bbox 1127 1279 1217 1333; x_wconf 91' lang='lat' dir='ltr'><strong>sunt.</strong></span> 
     </span>
    </p>
   </div>
   <div class='ocr_carea' id='block_1_3' title="bbox 274 1451 1395 2386">
    <p class='ocr_par' dir='ltr' id='par_1_3' title="bbox 274 1451 1395 2386">
     <span class='ocr_line' id='line_1_7' title="bbox 340 1451 1393 1537; baseline -0.001 -18"><span class='ocrx_word' id='word_1_49' title='bbox 340 1451 422 1536; x_wconf 84' lang='lat'>(42.)</span> <span class='ocrx_word' id='word_1_50' title='bbox 454 1452 629 1519; x_wconf 87' lang='lat' dir='ltr'><strong>Arcanum</strong></span> <span class='ocrx_word' id='word_1_51' title='bbox 652 1473 672 1518; x_wconf 87' lang='lat' dir='ltr'><strong>e</strong></span> <span class='ocrx_word' id='word_1_52' title='bbox 698 1452 826 1518; x_wconf 91' lang='lat' dir='ltr'><strong>mundo</strong></span> <span class='ocrx_word' id='word_1_53' title='bbox 852 1453 1015 1535; x_wconf 88' lang='lat' dir='ltr'><strong>spirituali</strong></span> <span class='ocrx_word' id='word_1_54' title='bbox 1041 1462 1105 1529; x_wconf 90' lang='lat' dir='ltr'><strong>est,</strong></span> <span class='ocrx_word' id='word_1_55' title='bbox 1129 1453 1220 1537; x_wconf 92' lang='lat' dir='ltr'><strong>quod</strong></span> <span class='ocrx_word' id='word_1_56' title='bbox 1243 1455 1298 1537; x_wconf 90' lang='lat' dir='ltr'><strong>qui</strong></span> <span class='ocrx_word' id='word_1_57' title='bbox 1325 1473 1393 1518; x_wconf 92' lang='lat' dir='ltr'><strong>non</strong></span> 
     </span>
     <span class='ocr_line' id='line_1_8' title="bbox 275 1543 1395 1622; baseline 0.001 -11"><span class='ocrx_word' id='word_1_58' title='bbox 275 1543 380 1612; x_wconf 81' lang='lat' dir='ltr'><strong>¹¹¹cum</strong></span> <span class='ocrx_word' id='word_1_59' title='bbox 398 1548 475 1612; x_wconf 83' lang='lat' dir='ltr'><strong>idea</strong></span> <span class='ocrx_word' id='word_1_60' title='bbox 493 1548 536 1612; x_wconf 89' lang='lat' dir='ltr'><strong>de</strong></span> <span class='ocrx_word' id='word_1_61' title='bbox 556 1547 621 1612; x_wconf 93' lang='lat' dir='ltr'><strong>Illo</strong></span> <span class='ocrx_word' id='word_1_62' title='bbox 640 1545 769 1612; x_wconf 75' lang='lat' dir='ltr'><strong>directe</strong></span> <span class='ocrx_word' id='word_1_63' title='bbox 787 1557 823 1612; x_wconf 93' lang='lat' dir='ltr'><strong>et</strong></span> <span class='ocrx_word' id='word_1_64' title='bbox 846 1548 1042 1612; x_wconf 86' lang='lat' dir='ltr'><strong>immediate</strong></span> <span class='ocrx_word' id='word_1_65' title='bbox 1061 1549 1144 1622; x_wconf 87' lang='lat' dir='ltr'><strong>adit,</strong></span> <span class='ocrx_word' id='word_1_66' title='bbox 1163 1568 1232 1612; x_wconf 91' lang='lat' dir='ltr'><strong>non</strong></span> <span class='ocrx_word' id='word_1_67' title='bbox 1254 1549 1395 1612; x_wconf 88' lang='lat' dir='ltr'><strong>sistatur</strong></span> 
     </span>
     <span class='ocr_line' id='line_1_9' title="bbox 274 1638 1394 1726; baseline 0.004 -22"><span class='ocrx_word' id='word_1_68' title='bbox 274 1661 445 1724; x_wconf 82' lang='lat' dir='ltr'><strong>praesens,</strong></span> <span class='ocrx_word' id='word_1_69' title='bbox 462 1651 497 1706; x_wconf 91' lang='lat' dir='ltr'><strong>et</strong></span> <span class='ocrx_word' id='word_1_70' title='bbox 513 1643 623 1706; x_wconf 87' lang='lat' dir='ltr'><strong>minus</strong></span> <span class='ocrx_word' id='word_1_71' title='bbox 638 1652 719 1707; x_wconf 89' lang='lat' dir='ltr'><strong>tunc</strong></span> <span class='ocrx_word' id='word_1_72' title='bbox 735 1651 851 1724; x_wconf 89' lang='lat' dir='ltr'><strong>potest</strong></span> <span class='ocrx_word' id='word_1_73' title='bbox 868 1638 1212 1706; x_wconf 72' lang='lat' dir='ltr'><strong>1¹1communicationis</strong></span> <span class='ocrx_word' id='word_1_74' title='bbox 1227 1643 1394 1726; x_wconf 90' lang='lat' dir='ltr'><strong>recipiens</strong></span> 
     </span>
     <span class='ocr_line' id='line_1_10' title="bbox 274 1733 1394 1819; baseline 0.004 -21"><span class='ocrx_word' id='word_1_75' title='bbox 274 1733 345 1800; x_wconf 86' lang='lat' dir='ltr'><strong>fieri</strong></span> <span class='ocrx_word' id='word_1_76' title='bbox 357 1757 366 1814; x_wconf 92' lang='lat'>;</span> <span class='ocrx_word' id='word_1_77' title='bbox 388 1736 449 1802; x_wconf 90' lang='lat' dir='ltr'><strong>sed</strong></span> <span class='ocrx_word' id='word_1_78' title='bbox 462 1746 515 1800; x_wconf 89' lang='lat' dir='ltr'><strong>est</strong></span> <span class='ocrx_word' id='word_1_79' title='bbox 528 1738 615 1801; x_wconf 92' lang='lat' dir='ltr'><strong>sicut</strong></span> <span class='ocrx_word' id='word_1_80' title='bbox 627 1738 701 1819; x_wconf 91' lang='lat' dir='ltr'><strong>quis</strong></span> <span class='ocrx_word' id='word_1_81' title='bbox 713 1747 808 1800; x_wconf 90' lang='lat' dir='ltr'><strong>stans</strong></span> <span class='ocrx_word' id='word_1_82' title='bbox 821 1758 841 1800; x_wconf 89' lang='lat' dir='ltr'><strong>a</strong></span> <span class='ocrx_word' id='word_1_83' title='bbox 853 1735 970 1811; x_wconf 88' lang='lat' dir='ltr'><strong>latere,</strong></span> <span class='ocrx_word' id='word_1_84' title='bbox 981 1747 1017 1800; x_wconf 92' lang='lat' dir='ltr'><strong>et</strong></span> <span class='ocrx_word' id='word_1_85' title='bbox 1029 1747 1170 1819; x_wconf 89' lang='lat' dir='ltr'><strong>apparet</strong></span> <span class='ocrx_word' id='word_1_86' title='bbox 1182 1739 1217 1800; x_wconf 92' lang='lat' dir='ltr'><strong>in</strong></span> <span class='ocrx_word' id='word_1_87' title='bbox 1229 1738 1373 1802; x_wconf 92' lang='lat' dir='ltr'><strong>obscuro</strong></span> <span class='ocrx_word' id='word_1_88' title='bbox 1384 1759 1394 1818; x_wconf 89' lang='lat'>;</span> 
     </span>
     <span class='ocr_line' id='line_1_11' title="bbox 275 1828 1393 1914; baseline 0.004 -22"><span class='ocrx_word' id='word_1_89' title='bbox 275 1849 337 1894; x_wconf 93' lang='lat' dir='ltr'><strong>nec</strong></span> <span class='ocrx_word' id='word_1_90' title='bbox 354 1839 469 1912; x_wconf 88' lang='lat' dir='ltr'><strong>potest</strong></span> <span class='ocrx_word' id='word_1_91' title='bbox 485 1832 559 1914; x_wconf 90' lang='lat' dir='ltr'><strong>quis</strong></span> <span class='ocrx_word' id='word_1_92' title='bbox 575 1851 651 1896; x_wconf 91' lang='lat' dir='ltr'><strong>cum</strong></span> <span class='ocrx_word' id='word_1_93' title='bbox 666 1830 779 1914; x_wconf 90' lang='lat' dir='ltr'><strong>aliquo</strong></span> <span class='ocrx_word' id='word_1_94' title='bbox 795 1830 885 1913; x_wconf 92' lang='lat' dir='ltr'><strong>loqui</strong></span> <span class='ocrx_word' id='word_1_95' title='bbox 902 1831 964 1894; x_wconf 91' lang='lat' dir='ltr'><strong>nisi</strong></span> <span class='ocrx_word' id='word_1_96' title='bbox 980 1828 1106 1894; x_wconf 69' lang='lat' dir='ltr'><strong>eneae</strong></span> <span class='ocrx_word' id='word_1_97' title='bbox 1122 1830 1216 1894; x_wconf 93' lang='lat' dir='ltr'><strong>illum</strong></span> <span class='ocrx_word' id='word_1_98' title='bbox 1233 1833 1393 1909; x_wconf 90' lang='lat' dir='ltr'><strong>intuetur,</strong></span> 
     </span>
     <span class='ocr_line' id='line_1_12' title="bbox 274 1923 1394 2008; baseline 0.001 -19"><span class='ocrx_word' id='word_1_99' title='bbox 274 1925 335 1990; x_wconf 88' lang='lat' dir='ltr'><strong>sed</strong></span> <span class='ocrx_word' id='word_1_100' title='bbox 351 1934 431 1990; x_wconf 90' lang='lat' dir='ltr'><strong>tunc</strong></span> <span class='ocrx_word' id='word_1_101' title='bbox 447 1925 547 1990; x_wconf 89' lang='lat' dir='ltr'><strong>datur</strong></span> <span class='ocrx_word' id='word_1_102' title='bbox 563 1926 826 1990; x_wconf 86' lang='lat' dir='ltr'><strong>communicatio</strong></span> <span class='ocrx_word' id='word_1_103' title='bbox 840 1926 874 1988; x_wconf 92' lang='lat' dir='ltr'><strong>in</strong></span> <span class='ocrx_word' id='word_1_104' title='bbox 890 1923 1098 2008; x_wconf 68' lang='lat' dir='ltr'><strong>inspectione</strong></span> <span class='ocrx_word' id='word_1_105' title='bbox 1114 1927 1296 2008; x_wconf 90' lang='lat' dir='ltr'><strong>reciproca.</strong></span> <span class='ocrx_word' id='word_1_106' title='bbox 1339 1924 1394 1990; x_wconf 88' lang='lat' dir='ltr'><strong>Sic</strong></span> 
     </span>
     <span class='ocr_line' id='line_1_13' title="bbox 275 2019 1393 2099; baseline 0 -15"><span class='ocrx_word' id='word_1_107' title='bbox 275 2029 310 2084; x_wconf 92' lang='lat' dir='ltr'><strong>et</strong></span> <span class='ocrx_word' id='word_1_108' title='bbox 327 2039 396 2084; x_wconf 92' lang='lat' dir='ltr'><strong>non</strong></span> <span class='ocrx_word' id='word_1_109' title='bbox 411 2019 511 2084; x_wconf 91' lang='lat' dir='ltr'><strong>aliter</strong></span> <span class='ocrx_word' id='word_1_110' title='bbox 526 2021 701 2084; x_wconf 90' lang='lat' dir='ltr'><strong>intrabunt</strong></span> <span class='ocrx_word' id='word_1_111' title='bbox 717 2021 813 2084; x_wconf 90' lang='lat' dir='ltr'><strong>ideae</strong></span> <span class='ocrx_word' id='word_1_112' title='bbox 829 2021 862 2084; x_wconf 94' lang='lat' dir='ltr'><strong>in</strong></span> <span class='ocrx_word' id='word_1_113' title='bbox 879 2020 982 2084; x_wconf 89' lang='lat' dir='ltr'><strong>ullum</strong></span> <span class='ocrx_word' id='word_1_114' title='bbox 996 2041 1003 2099; x_wconf 92' lang='lat'>;</span> <span class='ocrx_word' id='word_1_115' title='bbox 1027 2031 1064 2084; x_wconf 92' lang='lat' dir='ltr'><strong>et</strong></span> <span class='ocrx_word' id='word_1_116' title='bbox 1079 2021 1107 2082; x_wconf 90' lang='lat' dir='ltr'><strong>si</strong></span> <span class='ocrx_word' id='word_1_117' title='bbox 1122 2030 1202 2084; x_wconf 90' lang='lat' dir='ltr'><strong>tunc</strong></span> <span class='ocrx_word' id='word_1_118' title='bbox 1220 2039 1315 2084; x_wconf 88' lang='lat' dir='ltr'><strong>amor</strong></span> <span class='ocrx_word' id='word_1_119' title='bbox 1327 2029 1393 2098; x_wconf 92' lang='lat' dir='ltr'><strong>est,</strong></span> 
     </span>
     <span class='ocr_line' id='line_1_14' title="bbox 275 2111 1394 2199; baseline 0 -21"><span class='ocrx_word' id='word_1_120' title='bbox 275 2111 340 2180; x_wconf 78' lang='lat' dir='ltr'><strong>¹⁴1fit</strong></span> <span class='ocrx_word' id='word_1_121' title='bbox 357 2113 557 2196; x_wconf 71' lang='lat' dir='ltr'><strong>conjunctio.</strong></span> <span class='ocrx_word' id='word_1_122' title='bbox 602 2114 637 2180; x_wconf 90' lang='lat' dir='ltr'><strong>Si</strong></span> <span class='ocrx_word' id='word_1_123' title='bbox 650 2135 732 2198; x_wconf 87' lang='lat' dir='ltr'><strong>ergo</strong></span> <span class='ocrx_word' id='word_1_124' title='bbox 744 2117 817 2199; x_wconf 88' lang='lat' dir='ltr'><strong>quis</strong></span> <span class='ocrx_word' id='word_1_125' title='bbox 830 2111 927 2178; x_wconf 63' lang='lat' dir='ltr'><strong>madir</strong></span> <span class='ocrx_word' id='word_1_126' title='bbox 944 2115 1078 2179; x_wconf 87' lang='lat' dir='ltr'><strong>Patrem</strong></span> <span class='ocrx_word' id='word_1_127' title='bbox 1091 2115 1298 2189; x_wconf 82' lang='lat' dir='ltr'><strong>immediate,</strong></span> <span class='ocrx_word' id='word_1_128' title='bbox 1312 2125 1394 2179; x_wconf 89' lang='lat' dir='ltr'><strong>tune</strong></span> 
     </span>
     <span class='ocr_line' id='line_1_15' title="bbox 274 2208 1395 2292; baseline 0 -18"><span class='ocrx_word' id='word_1_129' title='bbox 274 2220 346 2274; x_wconf 86' lang='lat' dir='ltr'><strong>stat</strong></span> <span class='ocrx_word' id='word_1_130' title='bbox 362 2219 523 2292; x_wconf 87' lang='lat' dir='ltr'><strong>tanquam</strong></span> <span class='ocrx_word' id='word_1_131' title='bbox 539 2231 560 2274; x_wconf 89' lang='lat' dir='ltr'><strong>a</strong></span> <span class='ocrx_word' id='word_1_132' title='bbox 578 2210 704 2289; x_wconf 90' lang='lat' dir='ltr'><strong>latere;</strong></span> <span class='ocrx_word' id='word_1_133' title='bbox 728 2220 763 2274; x_wconf 90' lang='lat' dir='ltr'><strong>et</strong></span> <span class='ocrx_word' id='word_1_134' title='bbox 779 2211 827 2274; x_wconf 89' lang='lat' dir='ltr'><strong>sic</strong></span> <span class='ocrx_word' id='word_1_135' title='bbox 843 2209 1114 2292; x_wconf 88' lang='lat' dir='ltr'><strong>redemptionem</strong></span> <span class='ocrx_word' id='word_1_136' title='bbox 1130 2211 1211 2273; x_wconf 91' lang='lat' dir='ltr'><strong>dare</strong></span> <span class='ocrx_word' id='word_1_137' title='bbox 1227 2219 1262 2274; x_wconf 90' lang='lat' dir='ltr'><strong>et</strong></span> <span class='ocrx_word' id='word_1_138' title='bbox 1281 2208 1395 2292; x_wconf 87' lang='lat' dir='ltr'><strong>largiri</strong></span> 
     </span>
     <span class='ocr_line' id='line_1_16' title="bbox 275 2303 1394 2386; baseline 0.002 -18"><span class='ocrx_word' id='word_1_139' title='bbox 275 2324 344 2370; x_wconf 91' lang='lat' dir='ltr'><strong>non</strong></span> <span class='ocrx_word' id='word_1_140' title='bbox 360 2313 487 2386; x_wconf 88' lang='lat' dir='ltr'><strong>potest,</strong></span> <span class='ocrx_word' id='word_1_141' title='bbox 500 2305 565 2368; x_wconf 92' lang='lat' dir='ltr'><strong>hoc</strong></span> <span class='ocrx_word' id='word_1_142' title='bbox 582 2315 646 2379; x_wconf 89' lang='lat' dir='ltr'><strong>est,</strong></span> <span class='ocrx_word' id='word_1_143' title='bbox 660 2324 729 2368; x_wconf 93' lang='lat' dir='ltr'><strong>non</strong></span> <span class='ocrx_word' id='word_1_144' title='bbox 742 2303 836 2368; x_wconf 91' lang='lat' dir='ltr'><strong>illum</strong></span> <span class='ocrx_word' id='word_1_145' title='bbox 848 2324 1049 2386; x_wconf 85' lang='lat' dir='ltr'><strong>regenerare</strong></span> <span class='ocrx_word' id='word_1_146' title='bbox 1064 2313 1099 2368; x_wconf 91' lang='lat' dir='ltr'><strong>et</strong></span> <span class='ocrx_word' id='word_1_147' title='bbox 1116 2314 1238 2386; x_wconf 87' lang='lat' dir='ltr'><strong>postea</strong></span> <span class='ocrx_word' id='word_1_148' title='bbox 1252 2303 1394 2370; x_wconf 85' lang='lat' dir='ltr'><strong>salvare.</strong></span> 
     </span>
    </p>
   </div>
   <div class='ocr_carea' id='block_1_4' title="bbox 225 2499 1397 4750">
    <p class='ocr_par' dir='ltr' id='par_1_4' title="bbox 275 2499 1397 3912">
     <span class='ocr_line' id='line_1_17' title="bbox 340 2499 1394 2585; baseline -0.003 -18"><span class='ocrx_word' id='word_1_149' title='bbox 340 2499 422 2585; x_wconf 83' lang='lat'>(43.)</span> <span class='ocrx_word' id='word_1_150' title='bbox 454 2500 555 2584; x_wconf 86' lang='lat' dir='ltr'><strong>Quod</strong></span> <span class='ocrx_word' id='word_1_151' title='bbox 569 2501 797 2566; x_wconf 73' lang='lat' dir='ltr'><strong>manifestatio</strong></span> <span class='ocrx_word' id='word_1_152' title='bbox 808 2501 944 2564; x_wconf 91' lang='lat' dir='ltr'><strong>Domini</strong></span> <span class='ocrx_word' id='word_1_153' title='bbox 957 2501 990 2564; x_wconf 94' lang='lat' dir='ltr'><strong>in</strong></span> <span class='ocrx_word' id='word_1_154' title='bbox 1003 2501 1161 2576; x_wconf 87' lang='lat' dir='ltr'><strong>Persona,</strong></span> <span class='ocrx_word' id='word_1_155' title='bbox 1171 2521 1211 2565; x_wconf 90' lang='lat' dir='ltr'><strong>ac</strong></span> <span class='ocrx_word' id='word_1_156' title='bbox 1221 2501 1394 2565; x_wconf 90' lang='lat' dir='ltr'><strong>introduc·</strong></span> 
     </span>
     <span class='ocr_line' id='line_1_18' title="bbox 276 2596 1394 2680; baseline -0.001 -19"><span class='ocrx_word' id='word_1_157' title='bbox 276 2597 325 2661; x_wconf 91' lang='lat' dir='ltr'><strong>tio</strong></span> <span class='ocrx_word' id='word_1_158' title='bbox 343 2598 376 2660; x_wconf 95' lang='lat' dir='ltr'><strong>in</strong></span> <span class='ocrx_word' id='word_1_159' title='bbox 396 2598 557 2661; x_wconf 93' lang='lat' dir='ltr'><strong>mundum</strong></span> <span class='ocrx_word' id='word_1_160' title='bbox 576 2597 794 2680; x_wconf 90' lang='lat' dir='ltr'><strong>spiritualem,</strong></span> <span class='ocrx_word' id='word_1_161' title='bbox 814 2607 886 2660; x_wconf 84' lang='lat' dir='ltr'><strong>tam</strong></span> <span class='ocrx_word' id='word_1_162' title='bbox 904 2596 1016 2679; x_wconf 89' lang='lat' dir='ltr'><strong>quoad</strong></span> <span class='ocrx_word' id='word_1_163' title='bbox 1035 2597 1143 2658; x_wconf 89' lang='lat' dir='ltr'><strong>visum</strong></span> <span class='ocrx_word' id='word_1_164' title='bbox 1161 2615 1262 2677; x_wconf 91' lang='lat' dir='ltr'><strong>quam</strong></span> <span class='ocrx_word' id='word_1_165' title='bbox 1281 2596 1394 2678; x_wconf 89' lang='lat' dir='ltr'><strong>quoad</strong></span> 
     </span>
     <span class='ocr_line' id='line_1_19' title="bbox 275 2691 1394 2776; baseline -0.002 -20"><span class='ocrx_word' id='word_1_166' title='bbox 275 2693 427 2756; x_wconf 91' lang='lat' dir='ltr'><strong>auditum</strong></span> <span class='ocrx_word' id='word_1_167' title='bbox 446 2703 481 2756; x_wconf 91' lang='lat' dir='ltr'><strong>et</strong></span> <span class='ocrx_word' id='word_1_168' title='bbox 501 2692 670 2776; x_wconf 87' lang='lat' dir='ltr'><strong>loquelam</strong></span> <span class='ocrx_word' id='word_1_169' title='bbox 689 2713 709 2756; x_wconf 89' lang='lat' dir='ltr'><strong>a</strong></span> <span class='ocrx_word' id='word_1_170' title='bbox 728 2692 887 2766; x_wconf 91' lang='lat' dir='ltr'><strong>Domino,</strong></span> <span class='ocrx_word' id='word_1_171' title='bbox 906 2700 1059 2774; x_wconf 89' lang='lat' dir='ltr'><strong>praestet</strong></span> <span class='ocrx_word' id='word_1_172' title='bbox 1077 2691 1232 2753; x_wconf 92' lang='lat' dir='ltr'><strong>omnibus</strong></span> <span class='ocrx_word' id='word_1_173' title='bbox 1251 2692 1394 2754; x_wconf 89' lang='lat' dir='ltr'><strong>miracu·</strong></span> 
     </span>
     <span class='ocr_line' id='line_1_20' title="bbox 276 2783 1395 2870; baseline -0.001 -20"><span class='ocrx_word' id='word_1_174' title='bbox 276 2786 337 2866; x_wconf 90' lang='lat' dir='ltr'><strong>lis;</strong></span> <span class='ocrx_word' id='word_1_175' title='bbox 371 2789 530 2870; x_wconf 89' lang='lat' dir='ltr'><strong>quoniam</strong></span> <span class='ocrx_word' id='word_1_176' title='bbox 560 2807 628 2850; x_wconf 93' lang='lat' dir='ltr'><strong>non</strong></span> <span class='ocrx_word' id='word_1_177' title='bbox 658 2787 783 2869; x_wconf 88' lang='lat' dir='ltr'><strong>legitur</strong></span> <span class='ocrx_word' id='word_1_178' title='bbox 811 2785 904 2850; x_wconf 91' lang='lat' dir='ltr'><strong>ullibi</strong></span> <span class='ocrx_word' id='word_1_179' title='bbox 934 2786 968 2848; x_wconf 94' lang='lat' dir='ltr'><strong>in</strong></span> <span class='ocrx_word' id='word_1_180' title='bbox 995 2783 1190 2849; x_wconf 68' lang='lat' dir='ltr'><strong>[⁸¹historicis</strong></span> <span class='ocrx_word' id='word_1_181' title='bbox 1209 2785 1300 2868; x_wconf 94' lang='lat' dir='ltr'><strong>quod</strong></span> <span class='ocrx_word' id='word_1_182' title='bbox 1324 2784 1395 2850; x_wconf 89' lang='lat' dir='ltr'><strong>tale</strong></span> 
     </span>
     <span class='ocr_line' id='line_1_21' title="bbox 275 2879 1395 2964; baseline -0.002 -18"><span class='ocrx_word' id='word_1_183' title='bbox 275 2883 514 2946; x_wconf 89' lang='lat' dir='ltr'><strong>commercium</strong></span> <span class='ocrx_word' id='word_1_184' title='bbox 538 2901 615 2945; x_wconf 89' lang='lat' dir='ltr'><strong>cum</strong></span> <span class='ocrx_word' id='word_1_185' title='bbox 633 2881 765 2964; x_wconf 85' lang='lat' dir='ltr'><strong>angelis</strong></span> <span class='ocrx_word' id='word_1_186' title='bbox 787 2891 823 2945; x_wconf 92' lang='lat' dir='ltr'><strong>et</strong></span> <span class='ocrx_word' id='word_1_187' title='bbox 847 2881 1017 2963; x_wconf 87' lang='lat' dir='ltr'><strong>spiritibus</strong></span> <span class='ocrx_word' id='word_1_188' title='bbox 1039 2900 1059 2944; x_wconf 91' lang='lat' dir='ltr'><strong>a</strong></span> <span class='ocrx_word' id='word_1_189' title='bbox 1082 2879 1255 2942; x_wconf 86' lang='lat' dir='ltr'><strong>creatione</strong></span> <span class='ocrx_word' id='word_1_190' title='bbox 1278 2880 1395 2944; x_wconf 90' lang='lat' dir='ltr'><strong>mundi</strong></span> 
     </span>
     <span class='ocr_line' id='line_1_22' title="bbox 276 2969 1396 3054; baseline -0.002 -14"><span class='ocrx_word' id='word_1_191' title='bbox 276 2995 475 3040; x_wconf 89' lang='lat' dir='ltr'><strong>concessum</strong></span> <span class='ocrx_word' id='word_1_192' title='bbox 494 2977 602 3040; x_wconf 88' lang='lat' dir='ltr'><strong>luerit.</strong></span> <span class='ocrx_word' id='word_1_193' title='bbox 634 2974 714 3040; x_wconf 89' lang='lat' dir='ltr'><strong>Sum</strong></span> <span class='ocrx_word' id='word_1_194' title='bbox 731 2977 821 3040; x_wconf 91' lang='lat' dir='ltr'><strong>enim</strong></span> <span class='ocrx_word' id='word_1_195' title='bbox 837 2975 979 3039; x_wconf 93' lang='lat' dir='ltr'><strong>cottidie</strong></span> <span class='ocrx_word' id='word_1_196' title='bbox 995 2969 1071 3038; x_wconf 81' lang='lat' dir='ltr'><strong>cuin</strong></span> <span class='ocrx_word' id='word_1_197' title='bbox 1087 2973 1218 3054; x_wconf 87' lang='lat' dir='ltr'><strong>angelis</strong></span> <span class='ocrx_word' id='word_1_198' title='bbox 1236 2973 1291 3048; x_wconf 89' lang='lat' dir='ltr'><strong>ibi,</strong></span> <span class='ocrx_word' id='word_1_199' title='bbox 1308 2974 1396 3038; x_wconf 92' lang='lat' dir='ltr'><strong>sicut</strong></span> 
     </span>
     <span class='ocr_line' id='line_1_23' title="bbox 275 3067 1396 3151; baseline -0.004 -17"><span class='ocrx_word' id='word_1_200' title='bbox 275 3071 310 3134; x_wconf 94' lang='lat' dir='ltr'><strong>in</strong></span> <span class='ocrx_word' id='word_1_201' title='bbox 333 3071 461 3134; x_wconf 91' lang='lat' dir='ltr'><strong>mundo</strong></span> <span class='ocrx_word' id='word_1_202' title='bbox 482 3091 558 3134; x_wconf 91' lang='lat' dir='ltr'><strong>curn</strong></span> <span class='ocrx_word' id='word_1_203' title='bbox 573 3071 784 3146; x_wconf 88' lang='lat' dir='ltr'><strong>hominibus,</strong></span> <span class='ocrx_word' id='word_1_204' title='bbox 805 3079 843 3134; x_wconf 89' lang='lat' dir='ltr'><strong>et</strong></span> <span class='ocrx_word' id='word_1_205' title='bbox 867 3089 955 3134; x_wconf 91' lang='lat' dir='ltr'><strong>nunc</strong></span> <span class='ocrx_word' id='word_1_206' title='bbox 979 3089 1038 3151; x_wconf 89' lang='lat' dir='ltr'><strong>per</strong></span> <span class='ocrx_word' id='word_1_207' title='bbox 1059 3077 1192 3150; x_wconf 88' lang='lat' dir='ltr'><strong>septem</strong></span> <span class='ocrx_word' id='word_1_208' title='bbox 1215 3077 1251 3130; x_wconf 91' lang='lat' dir='ltr'><strong>et</strong></span> <span class='ocrx_word' id='word_1_209' title='bbox 1275 3067 1396 3148; x_wconf 88' lang='lat' dir='ltr'><strong>viginti</strong></span> 
     </span>
     <span class='ocr_line' id='line_1_24' title="bbox 275 3161 1396 3247; baseline -0.003 -18"><span class='ocrx_word' id='word_1_210' title='bbox 275 3185 394 3229; x_wconf 76' lang='lat' dir='ltr'><strong>annos</strong></span> <span class='ocrx_word' id='word_1_211' title='bbox 439 3165 652 3229; x_wconf 86' lang='lat' dir='ltr'><strong>Testimonia</strong></span> <span class='ocrx_word' id='word_1_212' title='bbox 672 3164 769 3247; x_wconf 90' lang='lat' dir='ltr'><strong>hujus</strong></span> <span class='ocrx_word' id='word_1_213' title='bbox 787 3164 979 3229; x_wconf 88' lang='lat' dir='ltr'><strong>commercii</strong></span> <span class='ocrx_word' id='word_1_214' title='bbox 1002 3171 1082 3226; x_wconf 87' lang='lat' dir='ltr'><strong>sunt</strong></span> <span class='ocrx_word' id='word_1_215' title='bbox 1101 3162 1175 3225; x_wconf 91' lang='lat' dir='ltr'><strong>libri</strong></span> <span class='ocrx_word' id='word_1_216' title='bbox 1197 3181 1218 3225; x_wconf 87' lang='lat' dir='ltr'><strong>a</strong></span> <span class='ocrx_word' id='word_1_217' title='bbox 1240 3179 1294 3224; x_wconf 91' lang='lat' dir='ltr'><strong>me</strong></span> <span class='ocrx_word' id='word_1_218' title='bbox 1313 3161 1396 3226; x_wconf 89' lang='lat' dir='ltr'><strong>editi</strong></span> 
     </span>
     <span class='ocr_line' id='line_1_25' title="bbox 276 3255 1396 3342; baseline -0.004 -18"><span class='ocrx_word' id='word_1_219' title='bbox 276 3260 319 3324; x_wconf 90' lang='lat' dir='ltr'><strong>de</strong></span> <span class='ocrx_word' id='word_1_220' title='bbox 335 3259 441 3324; x_wconf 87' lang='lat' dir='ltr'><strong>Caelo</strong></span> <span class='ocrx_word' id='word_1_221' title='bbox 460 3271 495 3324; x_wconf 88' lang='lat' dir='ltr'><strong>et</strong></span> <span class='ocrx_word' id='word_1_222' title='bbox 514 3261 661 3336; x_wconf 86' lang='lat' dir='ltr'><strong>Inserno,</strong></span> <span class='ocrx_word' id='word_1_223' title='bbox 678 3269 713 3324; x_wconf 91' lang='lat' dir='ltr'><strong>et</strong></span> <span class='ocrx_word' id='word_1_224' title='bbox 729 3280 863 3342; x_wconf 91' lang='lat' dir='ltr'><strong>quoque</strong></span> <span class='ocrx_word' id='word_1_225' title='bbox 880 3257 1115 3322; x_wconf 87' lang='lat' dir='ltr'><strong>Memorabilia</strong></span> <span class='ocrx_word' id='word_1_226' title='bbox 1129 3257 1207 3321; x_wconf 89' lang='lat' dir='ltr'><strong>inde</strong></span> <span class='ocrx_word' id='word_1_227' title='bbox 1226 3257 1259 3319; x_wconf 92' lang='lat' dir='ltr'><strong>in</strong></span> <span class='ocrx_word' id='word_1_228' title='bbox 1275 3255 1396 3320; x_wconf 90' lang='lat' dir='ltr'><strong>ultimo</strong></span> 
     </span>
     <span class='ocr_line' id='line_1_26' title="bbox 277 3344 1397 3438; baseline -0.004 -18"><span class='ocrx_word' id='word_1_229' title='bbox 277 3375 390 3438; x_wconf 87' lang='lat' dir='ltr'><strong>opere,</strong></span> <span class='ocrx_word' id='word_1_230' title='bbox 422 3353 509 3419; x_wconf 84' lang='lat' dir='ltr'><strong>Vera</strong></span> <span class='ocrx_word' id='word_1_231' title='bbox 538 3354 740 3420; x_wconf 80' lang='lat' dir='ltr'><strong>Christiana</strong></span> <span class='ocrx_word' id='word_1_232' title='bbox 769 3353 901 3435; x_wconf 67' lang='lat' dir='ltr'><strong>erzgrb</strong></span> <span class='ocrx_word' id='word_1_233' title='bbox 929 3344 1114 3436; x_wconf 84' lang='lat' dir='ltr'><strong>appellato,</strong></span> <span class='ocrx_word' id='word_1_234' title='bbox 1138 3361 1212 3415; x_wconf 94' lang='lat' dir='ltr'><strong>tum</strong></span> <span class='ocrx_word' id='word_1_235' title='bbox 1238 3371 1324 3433; x_wconf 91' lang='lat' dir='ltr'><strong>quae</strong></span> <span class='ocrx_word' id='word_1_236' title='bbox 1350 3351 1397 3416; x_wconf 92' lang='lat' dir='ltr'><strong>ibi</strong></span> 
     </span>
     <span class='ocr_line' id='line_1_27' title="bbox 276 3445 1396 3530; baseline -0.004 -16"><span class='ocrx_word' id='word_1_237' title='bbox 276 3450 319 3514; x_wconf 91' lang='lat' dir='ltr'><strong>de</strong></span> <span class='ocrx_word' id='word_1_238' title='bbox 342 3450 506 3526; x_wconf 87' lang='lat' dir='ltr'><strong>Luthero‚</strong></span> <span class='ocrx_word' id='word_1_239' title='bbox 531 3447 785 3524; x_wconf 69' lang='lat' dir='ltr'><strong>Meland&#39;thone,</strong></span> <span class='ocrx_word' id='word_1_240' title='bbox 806 3448 959 3522; x_wconf 89' lang='lat' dir='ltr'><strong>Calvino,</strong></span> <span class='ocrx_word' id='word_1_241' title='bbox 979 3449 1088 3530; x_wconf 91' lang='lat' dir='ltr'><strong>deque</strong></span> <span class='ocrx_word' id='word_1_242' title='bbox 1110 3446 1230 3510; x_wconf 92' lang='lat' dir='ltr'><strong>incolis</strong></span> <span class='ocrx_word' id='word_1_243' title='bbox 1253 3445 1396 3528; x_wconf 91' lang='lat' dir='ltr'><strong>plurium</strong></span> 
     </span>
     <span class='ocr_line' id='line_1_28' title="bbox 277 3539 1395 3627; baseline -0.004 -19"><span class='ocrx_word' id='word_1_244' title='bbox 277 3565 469 3627; x_wconf 90' lang='lat' dir='ltr'><strong>regnorum,</strong></span> <span class='ocrx_word' id='word_1_245' title='bbox 487 3555 522 3608; x_wconf 89' lang='lat' dir='ltr'><strong>et</strong></span> <span class='ocrx_word' id='word_1_246' title='bbox 541 3555 675 3627; x_wconf 91' lang='lat' dir='ltr'><strong>praeter</strong></span> <span class='ocrx_word' id='word_1_247' title='bbox 690 3543 748 3608; x_wconf 89' lang='lat' dir='ltr'><strong>illa</strong></span> <span class='ocrx_word' id='word_1_248' title='bbox 763 3545 855 3607; x_wconf 87' lang='lat' dir='ltr'><strong>varia</strong></span> <span class='ocrx_word' id='word_1_249' title='bbox 871 3543 1069 3607; x_wconf 90' lang='lat' dir='ltr'><strong>testimonia</strong></span> <span class='ocrx_word' id='word_1_250' title='bbox 1083 3539 1143 3604; x_wconf 81' lang='lat' dir='ltr'><strong>¹¹¹in</strong></span> <span class='ocrx_word' id='word_1_251' title='bbox 1160 3541 1288 3604; x_wconf 91' lang='lat' dir='ltr'><strong>mundo</strong></span> <span class='ocrx_word' id='word_1_252' title='bbox 1301 3549 1395 3617; x_wconf 91' lang='lat' dir='ltr'><strong>nota,</strong></span> 
     </span>
     <span class='ocr_line' id='line_1_29' title="bbox 277 3634 1397 3722; baseline -0.005 -18"><span class='ocrx_word' id='word_1_253' title='bbox 277 3635 438 3722; x_wconf 81' lang='lat' dir='ltr'><strong>¹⁸¹praeter</strong></span> <span class='ocrx_word' id='word_1_254' title='bbox 449 3639 544 3722; x_wconf 89' lang='lat' dir='ltr'><strong>plura</strong></span> <span class='ocrx_word' id='word_1_255' title='bbox 560 3659 629 3703; x_wconf 90' lang='lat' dir='ltr'><strong>non</strong></span> <span class='ocrx_word' id='word_1_256' title='bbox 641 3640 771 3721; x_wconf 85' lang='lat' dir='ltr'><strong>ignota.</strong></span> <span class='ocrx_word' id='word_1_257' title='bbox 817 3637 940 3713; x_wconf 90' lang='lat' dir='ltr'><strong>Dicite,</strong></span> <span class='ocrx_word' id='word_1_258' title='bbox 954 3637 1028 3720; x_wconf 88' lang='lat' dir='ltr'><strong>quis</strong></span> <span class='ocrx_word' id='word_1_259' title='bbox 1044 3657 1149 3719; x_wconf 87' lang='lat' dir='ltr'><strong>usque</strong></span> <span class='ocrx_word' id='word_1_260' title='bbox 1165 3637 1255 3718; x_wconf 89' lang='lat' dir='ltr'><strong>prius</strong></span> <span class='ocrx_word' id='word_1_261' title='bbox 1271 3634 1397 3718; x_wconf 89' lang='lat' dir='ltr'><strong>aliquid</strong></span> 
     </span>
     <span class='ocr_line' id='line_1_30' title="bbox 277 3729 1397 3816; baseline -0.003 -17"><span class='ocrx_word' id='word_1_262' title='bbox 277 3737 373 3800; x_wconf 91' lang='lat' dir='ltr'><strong>novit</strong></span> <span class='ocrx_word' id='word_1_263' title='bbox 398 3736 441 3800; x_wconf 90' lang='lat' dir='ltr'><strong>de</strong></span> <span class='ocrx_word' id='word_1_264' title='bbox 466 3733 571 3799; x_wconf 89' lang='lat' dir='ltr'><strong>Caelo</strong></span> <span class='ocrx_word' id='word_1_265' title='bbox 589 3745 625 3799; x_wconf 89' lang='lat' dir='ltr'><strong>et</strong></span> <span class='ocrx_word' id='word_1_266' title='bbox 651 3733 926 3816; x_wconf 79' lang='lat' dir='ltr'><strong>Infernol-quis</strong></span> <span class='ocrx_word' id='word_1_267' title='bbox 951 3733 995 3796; x_wconf 89' lang='lat' dir='ltr'><strong>de</strong></span> <span class='ocrx_word' id='word_1_268' title='bbox 1019 3731 1119 3796; x_wconf 85' lang='lat' dir='ltr'><strong>Statu</strong></span> <span class='ocrx_word' id='word_1_269' title='bbox 1148 3729 1294 3794; x_wconf 90' lang='lat' dir='ltr'><strong>hominis</strong></span> <span class='ocrx_word' id='word_1_270' title='bbox 1318 3739 1397 3814; x_wconf 92' lang='lat' dir='ltr'><strong>post</strong></span> 
     </span>
     <span class='ocr_line' id='line_1_31' title="bbox 279 3826 1250 3912; baseline -0.007 -17"><span class='ocrx_word' id='word_1_271' title='bbox 279 3830 428 3895; x_wconf 90' lang='lat' dir='ltr'><strong>Mortem</strong></span> <span class='ocrx_word' id='word_1_272' title='bbox 439 3830 568 3912; x_wconf 89' lang='lat' dir='ltr'><strong>?—quis</strong></span> <span class='ocrx_word' id='word_1_273' title='bbox 586 3829 629 3892; x_wconf 91' lang='lat' dir='ltr'><strong>de</strong></span> <span class='ocrx_word' id='word_1_274' title='bbox 648 3828 826 3911; x_wconf 88' lang='lat' dir='ltr'><strong>Spiritibus</strong></span> <span class='ocrx_word' id='word_1_275' title='bbox 844 3837 880 3892; x_wconf 94' lang='lat' dir='ltr'><strong>et</strong></span> <span class='ocrx_word' id='word_1_276' title='bbox 898 3826 1068 3909; x_wconf 87' lang='lat' dir='ltr'><strong>Angelis?</strong></span> <span class='ocrx_word' id='word_1_277' title='bbox 1087 3836 1164 3900; x_wconf 76' lang='lat' dir='ltr'><strong>etc,</strong></span> <span class='ocrx_word' id='word_1_278' title='bbox 1184 3836 1250 3889; x_wconf 90' lang='lat' dir='ltr'><strong>etc.</strong></span> 
     </span>
    </p>

    <p class='ocr_par' dir='ltr' id='par_1_5' title="bbox 225 3917 1397 4750">
     <span class='ocr_line' id='line_1_32' title="bbox 343 3917 1396 4008; baseline -0.007 -19"><span class='ocrx_word' id='word_1_279' title='bbox 343 3923 424 4008; x_wconf 85' lang='lat'>(44.)</span> <span class='ocrx_word' id='word_1_280' title='bbox 449 3924 585 3988; x_wconf 90' lang='lat' dir='ltr'><strong>Praeter</strong></span> <span class='ocrx_word' id='word_1_281' title='bbox 594 3923 652 3987; x_wconf 88' lang='lat' dir='ltr'><strong>illa</strong></span> <span class='ocrx_word' id='word_1_282' title='bbox 662 3922 915 3987; x_wconf 89' lang='lat' dir='ltr'><strong>evidentissima</strong></span> <span class='ocrx_word' id='word_1_283' title='bbox 924 3922 1121 3986; x_wconf 90' lang='lat' dir='ltr'><strong>testimonia</strong></span> <span class='ocrx_word' id='word_1_284' title='bbox 1134 3919 1294 4003; x_wconf 87' lang='lat' dir='ltr'><strong>[addatur</strong></span> <span class='ocrx_word' id='word_1_285' title='bbox 1303 3917 1396 4003; x_wconf 91' lang='lat' dir='ltr'><strong>hoc],</strong></span> 
     </span>
     <span class='ocr_line' id='line_1_33' title="bbox 277 4010 1397 4104; baseline -0.004 -20"><span class='ocrx_word' id='word_1_286' title='bbox 277 4021 367 4104; x_wconf 90' lang='lat' dir='ltr'><strong>quod</strong></span> <span class='ocrx_word' id='word_1_287' title='bbox 384 4039 502 4084; x_wconf 86' lang='lat' dir='ltr'><strong>sensus</strong></span> <span class='ocrx_word' id='word_1_288' title='bbox 520 4019 702 4102; x_wconf 84' lang='lat' dir='ltr'><strong>spiritualis</strong></span> <span class='ocrx_word' id='word_1_289' title='bbox 718 4016 823 4081; x_wconf 93' lang='lat' dir='ltr'><strong>Verbi</strong></span> <span class='ocrx_word' id='word_1_290' title='bbox 841 4037 862 4080; x_wconf 91' lang='lat' dir='ltr'><strong>a</strong></span> <span class='ocrx_word' id='word_1_291' title='bbox 877 4016 1027 4080; x_wconf 92' lang='lat' dir='ltr'><strong>Domino</strong></span> <span class='ocrx_word' id='word_1_292' title='bbox 1046 4035 1105 4098; x_wconf 92' lang='lat' dir='ltr'><strong>per</strong></span> <span class='ocrx_word' id='word_1_293' title='bbox 1121 4035 1174 4078; x_wconf 90' lang='lat' dir='ltr'><strong>me</strong></span> <span class='ocrx_word' id='word_1_294' title='bbox 1194 4010 1264 4077; x_wconf 74' lang='lat' dir='ltr'><strong>1&#39;¹sit</strong></span> <span class='ocrx_word' id='word_1_295' title='bbox 1279 4015 1397 4079; x_wconf 90' lang='lat' dir='ltr'><strong>detec-</strong></span> 
     </span>
     <span class='ocr_line' id='line_1_34' title="bbox 277 4107 1397 4197; baseline -0.007 -17"><span class='ocrx_word' id='word_1_296' title='bbox 277 4125 344 4191; x_wconf 91' lang='lat' dir='ltr'><strong>tus,</strong></span> <span class='ocrx_word' id='word_1_297' title='bbox 368 4112 459 4197; x_wconf 68' lang='lat' dir='ltr'><strong>[¹⁰¹qui</strong></span> <span class='ocrx_word' id='word_1_298' title='bbox 490 4133 653 4197; x_wconf 89' lang='lat' dir='ltr'><strong>nusquam</strong></span> <span class='ocrx_word' id='word_1_299' title='bbox 680 4113 780 4196; x_wconf 76' lang='lat' dir='ltr'><strong>priuS,</strong></span> <span class='ocrx_word' id='word_1_300' title='bbox 807 4121 989 4194; x_wconf 90' lang='lat' dir='ltr'><strong>postquam</strong></span> <span class='ocrx_word' id='word_1_301' title='bbox 1016 4109 1167 4174; x_wconf 89' lang='lat' dir='ltr'><strong>Verbum</strong></span> <span class='ocrx_word' id='word_1_302' title='bbox 1194 4109 1284 4192; x_wconf 93' lang='lat' dir='ltr'><strong>apud</strong></span> <span class='ocrx_word' id='word_1_303' title='bbox 1311 4107 1397 4172; x_wconf 86' lang='lat' dir='ltr'><strong>filios</strong></span> 
     </span>
     <span class='ocr_line' id='line_1_35' title="bbox 278 4201 1397 4292; baseline -0.009 -18"><span class='ocrx_word' id='word_1_304' title='bbox 278 4209 413 4274; x_wconf 89' lang='lat' dir='ltr'><strong>Israelis</strong></span> <span class='ocrx_word' id='word_1_305' title='bbox 436 4211 609 4292; x_wconf 91' lang='lat' dir='ltr'><strong>scriptum,</strong></span> <span class='ocrx_word' id='word_1_306' title='bbox 632 4207 803 4272; x_wconf 89' lang='lat' dir='ltr'><strong>revelatus</strong></span> <span class='ocrx_word' id='word_1_307' title='bbox 825 4217 898 4284; x_wconf 90' lang='lat' dir='ltr'><strong>est;</strong></span> <span class='ocrx_word' id='word_1_308' title='bbox 922 4203 993 4270; x_wconf 79' lang='lat' dir='ltr'><strong>¹¹¹¹et</strong></span> <span class='ocrx_word' id='word_1_309' title='bbox 1016 4205 1068 4270; x_wconf 91' lang='lat' dir='ltr'><strong>hic</strong></span> <span class='ocrx_word' id='word_1_310' title='bbox 1092 4215 1144 4268; x_wconf 91' lang='lat' dir='ltr'><strong>est</strong></span> <span class='ocrx_word' id='word_1_311' title='bbox 1163 4205 1271 4286; x_wconf 89' lang='lat' dir='ltr'><strong>ipsum</strong></span> <span class='ocrx_word' id='word_1_312' title='bbox 1290 4201 1397 4266; x_wconf 90' lang='lat' dir='ltr'><strong>Sanc·</strong></span> 
     </span>
     <span class='ocr_line' id='line_1_36' title="bbox 225 4299 1397 4385; baseline -0.008 -16"><span class='ocrx_word' id='word_1_313' title='bbox 225 4317 230 4326; x_wconf 92' lang='grc'><em>“</em></span> <span class='ocrx_word' id='word_1_314' title='bbox 277 4306 423 4369; x_wconf 91' lang='lat' dir='ltr'><strong>tuarium</strong></span> <span class='ocrx_word' id='word_1_315' title='bbox 443 4303 567 4381; x_wconf 90' lang='lat' dir='ltr'><strong>Verbi;</strong></span> <span class='ocrx_word' id='word_1_316' title='bbox 590 4313 643 4368; x_wconf 84' lang='lat' dir='ltr'><strong>est</strong></span> <span class='ocrx_word' id='word_1_317' title='bbox 668 4303 745 4385; x_wconf 93' lang='lat' dir='ltr'><strong>lpse</strong></span> <span class='ocrx_word' id='word_1_318' title='bbox 769 4302 935 4365; x_wconf 89' lang='lat' dir='ltr'><strong>Dominus</strong></span> <span class='ocrx_word' id='word_1_319' title='bbox 954 4302 987 4364; x_wconf 92' lang='lat' dir='ltr'><strong>in</strong></span> <span class='ocrx_word' id='word_1_320' title='bbox 1006 4299 1066 4363; x_wconf 94' lang='lat' dir='ltr'><strong>illo</strong></span> <span class='ocrx_word' id='word_1_321' title='bbox 1084 4317 1161 4362; x_wconf 92' lang='lat' dir='ltr'><strong>cum</strong></span> <span class='ocrx_word' id='word_1_322' title='bbox 1181 4299 1305 4362; x_wconf 92' lang='lat' dir='ltr'><strong>Divino</strong></span> <span class='ocrx_word' id='word_1_323' title='bbox 1324 4317 1397 4374; x_wconf 88' lang='lat' dir='ltr'><strong>suo,</strong></span> 
     </span>
     <span class='ocr_line' id='line_1_37' title="bbox 278 4391 1397 4474; baseline -0.008 -10"><span class='ocrx_word' id='word_1_324' title='bbox 278 4409 313 4464; x_wconf 90' lang='lat' dir='ltr'><strong>et</strong></span> <span class='ocrx_word' id='word_1_325' title='bbox 329 4401 480 4463; x_wconf 88' lang='lat' dir='ltr'><strong>insensu</strong></span> <span class='ocrx_word' id='word_1_326' title='bbox 497 4397 641 4463; x_wconf 91' lang='lat' dir='ltr'><strong>naturali</strong></span> <span class='ocrx_word' id='word_1_327' title='bbox 657 4415 734 4461; x_wconf 92' lang='lat' dir='ltr'><strong>cum</strong></span> <span class='ocrx_word' id='word_1_328' title='bbox 751 4395 912 4460; x_wconf 88' lang='lat' dir='ltr'><strong>Humano</strong></span> <span class='ocrx_word' id='word_1_329' title='bbox 930 4415 1001 4458; x_wconf 86' lang='lat' dir='ltr'><strong>suo.</strong></span> <span class='ocrx_word' id='word_1_330' title='bbox 1046 4391 1162 4467; x_wconf 74' lang='lat' dir='ltr'><strong>t¹³¹Hic,</strong></span> <span class='ocrx_word' id='word_1_331' title='bbox 1177 4412 1219 4456; x_wconf 89' lang='lat' dir='ltr'><strong>ne</strong></span> <span class='ocrx_word' id='word_1_332' title='bbox 1234 4391 1309 4474; x_wconf 91' lang='lat' dir='ltr'><strong>jota</strong></span> <span class='ocrx_word' id='word_1_333' title='bbox 1323 4392 1397 4474; x_wconf 92' lang='lat' dir='ltr'><strong>qui·</strong></span> 
     </span>
     <span class='ocr_line' id='line_1_38' title="bbox 277 4487 1396 4577; baseline -0.006 -18"><span class='ocrx_word' id='word_1_334' title='bbox 277 4495 367 4570; x_wconf 91' lang='lat' dir='ltr'><strong>dem,</strong></span> <span class='ocrx_word' id='word_1_335' title='bbox 395 4495 514 4577; x_wconf 85' lang='lat' dir='ltr'><strong>aperiri</strong></span> <span class='ocrx_word' id='word_1_336' title='bbox 546 4494 663 4577; x_wconf 90' lang='lat' dir='ltr'><strong>nequit</strong></span> <span class='ocrx_word' id='word_1_337' title='bbox 690 4493 753 4556; x_wconf 91' lang='lat' dir='ltr'><strong>nisi</strong></span> <span class='ocrx_word' id='word_1_338' title='bbox 779 4513 801 4556; x_wconf 90' lang='lat' dir='ltr'><strong>a</strong></span> <span class='ocrx_word' id='word_1_339' title='bbox 818 4491 892 4554; x_wconf 90' lang='lat' dir='ltr'><strong>solo</strong></span> <span class='ocrx_word' id='word_1_340' title='bbox 923 4490 1082 4554; x_wconf 91' lang='lat' dir='ltr'><strong>Domino.</strong></span> <span class='ocrx_word' id='word_1_341' title='bbox 1139 4487 1215 4550; x_wconf 91' lang='lat' dir='ltr'><strong>Hoc</strong></span> <span class='ocrx_word' id='word_1_342' title='bbox 1244 4495 1396 4570; x_wconf 88' lang='lat' dir='ltr'><strong>praestat</strong></span> 
     </span>
     <span class='ocr_line' id='line_1_39' title="bbox 277 4581 1395 4670; baseline -0.009 -15"><span class='ocrx_word' id='word_1_343' title='bbox 277 4590 433 4655; x_wconf 85' lang='lat' dir='ltr'><strong>omnibus</strong></span> <span class='ocrx_word' id='word_1_344' title='bbox 456 4588 721 4653; x_wconf 87' lang='lat' dir='ltr'><strong>revelationibus</strong></span> <span class='ocrx_word' id='word_1_345' title='bbox 744 4607 831 4670; x_wconf 90' lang='lat' dir='ltr'><strong>quae</strong></span> <span class='ocrx_word' id='word_1_346' title='bbox 855 4583 1020 4649; x_wconf 71' lang='lat' dir='ltr'><strong>hadtenus</strong></span> <span class='ocrx_word' id='word_1_347' title='bbox 1042 4605 1063 4648; x_wconf 89' lang='lat' dir='ltr'><strong>a</strong></span> <span class='ocrx_word' id='word_1_348' title='bbox 1085 4583 1258 4647; x_wconf 89' lang='lat' dir='ltr'><strong>creatione</strong></span> <span class='ocrx_word' id='word_1_349' title='bbox 1278 4581 1395 4645; x_wconf 92' lang='lat' dir='ltr'><strong>mundi</strong></span> 
     </span>
     <span class='ocr_line' id='line_1_40' title="bbox 276 4675 1395 4750; baseline -0.01 0"><span class='ocrx_word' id='word_1_350' title='bbox 276 4684 420 4750; x_wconf 84' lang='lat' dir='ltr'><strong>luerunt.</strong></span> <span class='ocrx_word' id='word_1_351' title='bbox 465 4685 527 4748; x_wconf 91' lang='lat' dir='ltr'><strong>Per</strong></span> <span class='ocrx_word' id='word_1_352' title='bbox 545 4682 788 4748; x_wconf 89' lang='lat' dir='ltr'><strong>revelationem</strong></span> <span class='ocrx_word' id='word_1_353' title='bbox 811 4680 904 4745; x_wconf 91' lang='lat' dir='ltr'><strong>illam</strong></span> <span class='ocrx_word' id='word_1_354' title='bbox 927 4689 980 4744; x_wconf 90' lang='lat' dir='ltr'><strong>est</strong></span> <span class='ocrx_word' id='word_1_355' title='bbox 999 4679 1263 4744; x_wconf 88' lang='lat' dir='ltr'><strong>communicatio</strong></span> <span class='ocrx_word' id='word_1_356' title='bbox 1284 4675 1395 4740; x_wconf 89' lang='lat' dir='ltr'><strong>homi·</strong></span> 
     </span>
    </p>
   </div>
   <div class='ocr_carea' id='block_1_5' title="bbox 0 0 1678 5300">
    <p class='ocr_par' dir='ltr' id='par_1_6' title="bbox 0 0 1678 5300">
     <span class='ocr_line' id='line_1_41' title="bbox 0 0 1678 5300; baseline 0 0"><span class='ocrx_word' id='word_1_357' title='bbox 0 0 1678 5300; x_wconf 95' lang='lat' dir='ltr'><strong> </strong></span> 
     </span>
    </p>
   </div>
  </div>
 </body>
</html>
