3288 5294
426 693 475 744 ET
499 692 583 760 EJUS
605 690 804 744 DOCTRINA
825 691 1098 745 CAELESTI.-N.
1119 679 1186 744 168.
1330 695 1374 762 99

255 860 343 925 inde.
389 860 444 926 Illi
460 861 515 945 qui
534 880 601 925 non
618 861 802 945 explorant
818 860 909 925 mala
924 861 1144 944 cogitationis
1160 871 1196 926 et
1212 859 1371 925 volunta·

256 955 300 1018 tis
318 975 409 1030 suae,
427 975 495 1018 non
514 965 658 1038 possunt
677 956 924 1038 paenitentiam
941 976 1053 1038 agere,
1068 975 1146 1019 nam
1162 955 1320 1038 cogitant
1336 965 1372 1020 et

255 1047 375 1112 volunt
395 1058 517 1132 postea
535 1050 622 1113 sicut
641 1051 752 1133 prius;
776 1059 812 1114 et
835 1059 953 1114 tamen
971 1050 1060 1115 velle
1080 1050 1171 1114 mala
1189 1058 1243 1116 est
1261 1049 1371 1114 iacere

254 1142 322 1206 illa.
368 1142 446 1208 Hoc
464 1153 518 1207 est
535 1143 718 1226 explorare
734 1163 781 1208 se.

314 1238 412 1322 165.
435 1237 651 1302 Paenitentia
667 1240 735 1302 oris
750 1247 786 1303 et
802 1257 871 1302 non
883 1240 976 1302 vitae
992 1249 1130 1304 nonest
1146 1239 1370 1321 paenitentia.

255 1327 318 1392 Per
340 1331 588 1412 paenitentiam
614 1331 681 1394 oris
708 1349 777 1394 non
803 1332 1024 1396 remittuntur
1047 1341 1201 1414 peccata,
1225 1331 1285 1394 sed
1311 1350 1372 1413 per

254 1425 502 1504 paenitentiam
515 1425 617 1488 vitae.
658 1424 896 1488 Remittuntur
908 1423 1037 1488 homini
1049 1425 1210 1488 continue
1226 1434 1371 1505 peccata

253 1537 274 1578 a
294 1517 452 1593 Domino,
468 1537 549 1582 narn
568 1527 621 1582 est
640 1518 714 1601 ipsa
732 1518 981 1596 misericordia;
1006 1518 1065 1581 sed
1085 1528 1228 1600 peccata
1242 1517 1369 1582 adhae-

253 1620 330 1675 rent
349 1611 488 1687 homini,
500 1621 670 1694 utcunque
689 1621 789 1695 putat
804 1613 895 1694 quod
912 1613 1051 1674 remissa
1067 1613 1146 1686 sint,
1159 1629 1220 1676 nec
1237 1611 1281 1674 ab
1296 1612 1370 1693 ipso

253 1715 471 1770 removentur
483 1707 546 1770 nisi
561 1725 663 1788 quam
679 1727 738 1788 per
751 1705 857 1770 vitam
873 1705 1058 1770 secundum
1075 1716 1258 1789 praecepta
1270 1725 1371 1770 verae

253 1796 350 1877 fidei;
373 1800 742 1882 quantumvsecundum
758 1797 817 1863 illa
832 1800 926 1874 vivit,
944 1810 1078 1863 tantum
1098 1810 1242 1882 peccata
1258 1818 1369 1863 remo-

252 1902 385 1970 ventur,
402 1903 438 1957 et
454 1903 619 1977 quantum
635 1903 855 1957 removentur
874 1902 1010 1958 tantum
1026 1894 1167 1956 remissa
1182 1903 1271 1956 sunt.
1384 1888 1389 1898 “

312 1991 413 2056 166.
441 1989 600 2056 Creditur
622 1991 713 2074 quod
736 2001 880 2074 peccata
901 1991 1156 2072 abstergantur,
1179 2011 1250 2064 seu,
1273 1991 1369 2073 quasi

198 2117 206 2129 ·
253 2079 367 2146 solent
379 2083 501 2146 sordes
519 2085 625 2166 equis,
642 2083 834 2159 abluantur,
848 2102 925 2146 curn
944 2085 1165 2147 remittuntur
1176 2104 1185 2162 ;
1208 2083 1269 2146 sed
1288 2101 1368 2164 pec·

253 2185 332 2239 cata
351 2195 419 2240 non
435 2177 688 2258 absterguntur,
705 2197 820 2241 verum
837 2186 1074 2255 removentur;
1098 2177 1162 2240 hoc
1183 2187 1247 2252 est,
1265 2177 1370 2240 homo

253 2269 426 2333 detinetur
444 2271 488 2334 ab
506 2270 572 2334 illis
591 2290 667 2334 curn
687 2280 823 2335 tenetur
841 2273 875 2334 in
894 2271 985 2334 bono
1003 2291 1023 2334 a
1042 2271 1191 2334 Domino
1202 2291 1210 2349 ;
1237 2281 1273 2334 et
1292 2289 1369 2334 cum

253 2372 391 2427 tenetur
412 2364 446 2426 in
473 2365 575 2440 bono,
599 2375 743 2447 apparet
767 2367 855 2429 sicut
878 2365 1007 2447 absque
1029 2364 1095 2428 illis
1124 2366 1179 2440 sit,
1203 2365 1252 2428 ita
1281 2365 1369 2428 sicut

252 2457 363 2522 forent
385 2458 562 2536 abstersa;
585 2468 621 2522 et
644 2459 748 2523 homo
771 2469 907 2523 tanturn
930 2460 1039 2522 teneri
1062 2459 1095 2522 in
1119 2459 1211 2522 bono
1238 2467 1367 2541 potest,

252 2560 418 2632 quantum
433 2552 644 2616 reformatur.
689 2550 875 2634 Quomodo
890 2552 995 2616 homo
1015 2553 1224 2626 reformatur,
1238 2553 1370 2615 dicetur

167 2661 170 2666 ·
252 2645 287 2707 in
305 2657 470 2728 sequente
492 2643 671 2710 dottrinali
690 2647 733 2710 de
748 2648 1019 2730 regeneratione.
1066 2645 1132 2728 Qui
1151 2647 1259 2710 credit
1278 2645 1369 2728 quod

252 2738 353 2803 aliter
368 2741 587 2804 remittantur
602 2750 755 2823 peccata,
774 2741 919 2805 multum
938 2741 1073 2805 fallitur.

312 2837 407 2918 16¹7.
435 2835 542 2920 Signa
559 2837 651 2920 quod
669 2847 815 2920 peccata
831 2839 901 2902 sint
919 2839 1071 2912 remissa,
1089 2837 1153 2900 hoc
1172 2845 1238 2911 est,
1254 2853 1367 2900 remo·

252 2935 301 3004 ta,
318 2938 397 2993 sunt
412 2949 499 3012 quae
515 2937 700 3012 sequuntur
711 2929 956 3012 z—Percipiunt
969 2929 1154 3011 jucundum
1172 2929 1206 2993 in
1222 2927 1369 2992 colendo

253 3025 366 3091 Deum
396 3037 536 3110 propter
559 3027 680 3103 Deum,
705 3037 741 3093 et
771 3029 805 3091 in
835 3029 1014 3092 serviendo
1043 3029 1201 3110 proximo
1230 3037 1370 3110 propter

252 3123 456 3203 proximum,
480 3123 530 3185 ita
556 3122 590 3185 in
616 3121 772 3186 iaciendo
798 3123 924 3186 bonum
952 3133 1091 3204 propter
1118 3123 1256 3196 bonum,
1276 3133 1312 3186 et
1334 3123 1368 3184 in

252 3214 424 3297 loquendo
439 3234 554 3280 verum
573 3226 712 3298 propter
727 3235 863 3294 verum;
888 3217 1009 3280 nolunt
1029 3218 1147 3279 mereri
1167 3237 1227 3298 per
1242 3215 1369 3298 aliquid

252 3309 431 3374 charitatis
453 3319 489 3374 et
513 3307 603 3384 fidei,
620 3310 752 3392 fugiunt
771 3319 807 3376 et
829 3320 1030 3374 aversantur
1048 3311 1150 3388 mala,
1171 3321 1208 3374 ut
1227 3311 1368 3374 inimici·

252 3405 329 3480 tias,
348 3405 437 3479 odia,
457 3401 635 3479 vindidtaS,
659 3404 837 3482 adulteria,
857 3415 893 3470 et
916 3406 1007 3488 ipsas
1030 3407 1262 3488 cogitationes
1291 3425 1368 3469 cum

251 3498 443 3562 intentione
472 3499 515 3562 de
542 3497 677 3562 talibus,
723 3497 828 3581 Signa
858 3510 975 3563 autern
1004 3499 1095 3583 quod
1126 3509 1271 3582 peccata
1299 3517 1368 3562 non

251 3593 319 3657 sint
332 3595 482 3668 remissa,
494 3593 560 3656 hoc
573 3603 638 3666 est,
649 3604 793 3670 remota,
804 3603 883 3657 sunt
896 3614 982 3676 quae
993 3605 1177 3677 sequuntur
1190 3591 1368 3658 :-Colunt

252 3686 362 3750 Deum
382 3707 450 3750 non
466 3697 607 3770 propter
619 3685 740 3762 Deum,
753 3698 788 3751 et
807 3689 958 3752 serviunt
973 3690 1132 3770 proximo
1144 3707 1213 3750 non
1230 3696 1370 3770 propter

251 3781 466 3863 proximum
498 3783 547 3845 ita
573 3800 641 3844 non
669 3780 796 3845 iaciunt
825 3782 951 3845 bonum
979 3793 1014 3846 et
1043 3783 1225 3864 loquuntur
1251 3801 1368 3845 verum

251 3885 391 3958 propter
409 3875 536 3938 bonurn
555 3885 591 3938 et
610 3895 737 3949 verum,
755 3876 815 3938 sed
832 3887 972 3958 propter
990 3887 1078 3942 sect
1101 3877 1286 3954 mundum;
1309 3895 1369 3958 per

250 3966 340 4032 latta
357 3970 478 4033 volunt
501 3969 641 4046 mereri;
665 3969 855 4052 percipiunt
878 3989 947 4033 non
969 3969 1185 4051 injucundum
1205 3971 1238 4032 in
1258 3970 1367 4044 malis,

251 4072 288 4127 ut
307 4063 340 4126 in
359 4063 544 4138 inimicitia,
558 4063 592 4125 in
611 4063 700 4140 odio,
714 4065 747 4126 in
760 4060 918 4139 vinditio,
932 4065 967 4127 in
985 4063 1171 4139 adulteriis,
1186 4073 1221 4127 et
1240 4084 1285 4126 ex
1302 4064 1368 4126 illis

251 4157 293 4220 de
312 4156 379 4220 illis
394 4157 428 4220 in
444 4158 537 4220 omni
554 4157 693 4222 licentia
711 4159 880 4240 cogitant.

314 4253 412 4322 168.
442 4255 656 4319 Paenitentia
668 4276 754 4339 quae
767 4255 805 4320 fit
824 4257 858 4320 in
874 4265 969 4321 statu
988 4255 1094 4320 libero
1107 4255 1211 4331 valet,
1228 4266 1265 4320 at
1281 4275 1368 4338 quae

249 4347 288 4413 lit
311 4349 345 4412 in
368 4359 462 4414 statu
485 4347 606 4414 coadto
629 4370 697 4414 non
721 4350 826 4414 valet.
870 4349 991 4414 Status
1014 4347 1124 4415 coad'ti
1150 4359 1229 4414 sunt
1255 4359 1368 4412 status

250 4443 369 4520 morbi,
387 4453 498 4508 status
520 4441 641 4526 dejecti
659 4445 762 4507 animi
781 4465 826 4508 ex
842 4445 1035 4520 infortunio,
1053 4453 1164 4507 status
1187 4444 1367 4507 imminen-

250 4539 295 4603 tis
319 4539 448 4614 mortis,
474 4547 547 4602 tum
570 4539 680 4602 omnis
709 4549 821 4603 status
851 4539 983 4603 timoris
1009 4539 1064 4621 qui
1088 4538 1195 4602 demit
1225 4537 1367 4601 rationis

251 4651 356 4697 usum.
381 4629 448 4716 Qui
467 4633 577 4698 malus
593 4643 658 4711 est,
675 4643 711 4698 et
729 4633 763 4696 in
779 4643 874 4698 statu
890 4631 1011 4698 coatto
1026 4631 1272 4722 paenitentiam
1289 4631 1366 4716 pol·
