3322 5298
448 703 508 758 ,DE
532 703 611 755 DEO
631 704 890 756 REDEMPTORE
910 705 997 774 JESU
1019 705 1195 760 CHRISTO.
1343 711 1386 778 29

330 889 360 954 9.
392 869 493 955 Quod
520 870 713 954 conjunctio
739 873 922 956 spiritualis
948 875 1095 940 hominis
1121 896 1199 940 cum
1225 876 1383 952 naturali,

477 975 513 1032 et
530 969 693 1032 naturalis
710 968 857 1033 hominis
872 989 948 1034 cum
966 971 1142 1055 spirituali,
1156 970 1216 1036 fiat
1232 992 1292 1054 per
1306 980 1383 1061 ten·

478 1063 638 1126 tationes.

610 1443 768 1510 CAPUT
792 1441 1042 1509 OCTAVUM.

268 1625 380 1710 QUOD
410 1641 501 1694 POST
532 1643 717 1692 EXACTAM
745 1641 964 1692 UNITIONEM
990 1601 1176 1693 nssntnkl‘r
1206 1643 1247 1692 IN
1279 1629 1384 1694 D1v1·

393 1737 477 1788 nuru
501 1737 541 1786 nv
566 1736 642 1800 Qvo
665 1737 714 1786 nn
737 1736 920 1787 suasano
942 1737 1041 1799 nuru,
1061 1737 1142 1788 uun
1164 1738 1243 1788 cun
1266 1739 1315 1788 na
1341 1738 1383 1788 nu

393 1830 653 1882 ononnncaro
677 1817 861 1882 Humano

334 2019 359 2066 1.
390 1999 492 2084 Quod
518 2001 672 2084 Jehovae
703 2002 779 2066 Deo
812 2001 856 2066 ab
884 2011 1028 2068 aeterno
1057 2002 1155 2068 suerit
1187 2003 1383 2068 Humanum

476 2097 576 2181 quale
595 2108 648 2161 est
667 2096 799 2178 angelis
818 2097 851 2160 in
871 2097 985 2172 caelis,
1003 2096 1063 2162 sed
1083 2099 1254 2162 essentiae
1272 2098 1383 2162 infini-

476 2200 545 2266 tae,
566 2191 614 2254 ita
634 2190 822 2270 Divinum,
845 2199 881 2255 et
899 2192 990 2274 quod
1015 2191 1083 2274 Ipsi
1102 2211 1170 2255 non
1189 2192 1288 2256 suerit
1308 2191 1382 2256 Hu-

476 2304 614 2349 manum
634 2285 734 2368 quale
753 2296 806 2349 est
825 2284 1018 2350 hominibus
1036 2288 1069 2350 in
1089 2287 1197 2351 terris.

329 2394 358 2443 2.
390 2376 492 2461 Quod
513 2379 669 2461 Jehovah
697 2378 791 2442 Deus
818 2381 1038 2462 assumpserit
1063 2379 1260 2444 Humanum
1283 2381 1383 2465 quale

476 2484 529 2538 est
542 2474 735 2538 hominibus
748 2475 783 2538 in
794 2475 903 2552 terris,
914 2475 1101 2538 secundum
1112 2475 1272 2540 Divinum
1285 2497 1383 2540 suum

477 2570 651 2648 ordinem;
679 2571 735 2652 qui
758 2577 823 2644 est,
848 2579 886 2633 ut
909 2571 1156 2652 conciperetur,
1176 2581 1383 2648 nasceretur,

476 2663 702 2740 adolesceret,
734 2674 770 2727 et
801 2664 993 2727 successive
1024 2664 1191 2728 imbueret
1224 2664 1384 2729 Divinam

476 2756 686 2840 Sapientiam
706 2767 742 2821 et
762 2757 922 2820 Divinum
943 2757 1119 2821 Amorem.

328 2869 358 2937 3.
389 2851 491 2935 Quod
518 2855 568 2916 ita
590 2853 735 2916 univerit
758 2852 824 2916 hoc
853 2850 1051 2915 Humanum
1074 2871 1152 2917 cum
1175 2851 1301 2918 Divino
1322 2871 1385 2918 suo

475 2948 519 3010 ab
542 2957 694 3022 aeterno,
718 2955 754 3010 et
781 2946 873 3029 quod
902 2947 950 3010 sic
978 2947 1124 3011 exiverit
1151 2968 1196 3012 ex
1224 2947 1326 3012 Patre
1347 2956 1385 3012 et

474 3042 612 3105 redierit
631 3041 675 3104 ad
695 3041 841 3104 Patrem.

326 3154 357 3218 4
389 3133 491 3220 Quod
513 3134 669 3217 Jehovah
693 3136 788 3199 Deus
814 3137 848 3198 in
874 3135 940 3200 hoc
969 3135 1131 3200 Humano
1154 3145 1190 3200 et
1217 3157 1278 3220 per
1299 3135 1384 3200 illud

475 3231 666 3295 exercuerit
679 3229 860 3312 justitiam,
874 3239 909 3294 et
926 3227 969 3294 Se
982 3229 1099 3294 fecerit
1114 3229 1383 3314 Redemptorem

475 3335 511 3390 et
531 3323 758 3388 Salvatorem.

330 3435 357 3503 5.
388 3417 443 3484 Et'
466 3419 558 3502 quod
585 3439 645 3501 per
672 3419 860 3482 unitionem
888 3415 958 3500 ejus
986 3437 1062 3482 cum
1093 3417 1219 3482 Divino
1248 3440 1309 3483 suo
1340 3417 1384 3483 Se

474 3515 591 3577 fecerit
614 3513 884 3596 Redemptorem
907 3523 942 3578 et
966 3511 1183 3578 Salvatorem
1210 3516 1243 3578 in
1271 3524 1383 3579 aeter·

475 3629 565 3674 num.

326 3705 356 3770 6.
388 3703 489 3788 Quod
504 3703 660 3786 Jehovah
674 3704 771 3768 Deus
784 3724 843 3786 per
855 3703 1015 3768 unionem
1027 3701 1125 3786 hujus
1140 3701 1289 3766 Humani
1306 3722 1382 3767 cum

476 3799 600 3862 Divino
630 3819 692 3862 suo
721 3798 929 3863 exaltaverit
960 3799 1247 3881 omnipotentiam
1275 3817 1381 3872 suam,

474 3893 564 3977 quod
584 3893 787 3976 intelligitur
803 3914 862 3976 per
879 3893 1025 3956 “sedere
1045 3893 1089 3956 ad
1108 3893 1268 3956 dextram
1287 3889 1384 3955 Dei.'’

327 4005 357 4073 7.
390 3985 492 4072 Quod
510 3988 665 4070 Jehovah
686 3989 778 4051 Deus
798 3989 830 4050 in
853 3987 919 4052 hoc
940 3987 1102 4051 Humano
1120 3987 1164 4050 sit
1184 4007 1284 4069 supra
1302 4005 1381 4050 cae·

475 4081 538 4158 los,
558 4082 753 4146 illuminans
771 4081 963 4146 universum
983 4079 1108 4143 lumine
1127 4081 1325 4162 sapientiae,
1346 4088 1383 4144 et

475 4177 643 4259 inspirans
662 4179 695 4240 in
715 4177 908 4240 universum
926 4176 1089 4239 virtutem
1108 4176 1243 4238 amoris.

328 4273 357 4338 8.
388 4269 490 4355 Quod
514 4273 582 4336 duo
605 4271 663 4335 illa
686 4273 838 4353 gratuito
861 4269 1031 4353 accipiant
1054 4267 1102 4333 illi
1125 4271 1181 4352 qui
1205 4268 1320 4351 Ipsum
1344 4278 1381 4332 ut

476 4365 661 4430 Hominem
674 4367 814 4442 adeunt,
828 4374 864 4430 et
877 4363 1062 4429 secundum
1075 4372 1259 4447 praecepta
1272 4362 1382 4446 Ipsius

476 4461 608 4524 vivunt.

326 4574 356 4640 9.
389 4553 490 4640 Quod
512 4554 667 4637 Jehovah
695 4554 788 4618 Deus
815 4552 908 4618 solus
937 4553 982 4618 sit
1008 4552 1129 4636 plenus
1153 4549 1269 4616 Homo
1292 4550 1380 4634 apud

475 4649 629 4734 angelos.
