<?xml version="1.0" encoding="UTF-8"?>
<!DOCTYPE html PUBLIC "-//W3C//DTD XHTML 1.0 Transitional//EN"
    "http://www.w3.org/TR/xhtml1/DTD/xhtml1-transitional.dtd">
<html xmlns="http://www.w3.org/1999/xhtml" xml:lang="en" lang="en">
 <head>
  <title>
</title>
<meta http-equiv="Content-Type" content="text/html;charset=utf-8" />
  <meta name='ocr-system' content='tesseract 3.04.00' />
  <meta name='ocr-capabilities' content='ocr_page ocr_carea ocr_par ocr_line ocrx_word'/>
</head>
<body>
  <div class='ocr_page' id='page_1' title='image "./denovahierosoly00swedgoog_0461.png"; bbox 0 0 3338 5300; ppageno 0'>
   <div class='ocr_carea' id='block_1_1' title="bbox 315 629 957 710">
    <p class='ocr_par' dir='ltr' id='par_1_1' title="bbox 315 629 957 710">
     <span class='ocr_line' id='line_1_1' title="bbox 315 629 957 710; baseline -0.006 -16"><span class='ocrx_word' id='word_1_1' title='bbox 315 629 353 710; x_wconf 84' lang='lat'>58</span> <span class='ocrx_word' id='word_1_2' title='bbox 785 640 957 692; x_wconf 80' lang='lat' dir='ltr'>coaours.</span> 
     </span>
    </p>
   </div>
   <div class='ocr_carea' id='block_1_2' title="bbox 313 807 1429 893">
    <p class='ocr_par' dir='ltr' id='par_1_2' title="bbox 313 807 1429 893">
     <span class='ocr_line' id='line_1_2' title="bbox 313 807 1429 893; baseline -0.004 -19"><span class='ocrx_word' id='word_1_3' title='bbox 313 811 488 893; x_wconf 84' lang='lat' dir='ltr'>agnitione</span> <span class='ocrx_word' id='word_1_4' title='bbox 504 811 569 876; x_wconf 92' lang='lat' dir='ltr'>Dei</span> <span class='ocrx_word' id='word_1_5' title='bbox 586 819 640 876; x_wconf 90' lang='lat' dir='ltr'>est</span> <span class='ocrx_word' id='word_1_6' title='bbox 658 810 692 874; x_wconf 89' lang='lat' dir='ltr'>in</span> <span class='ocrx_word' id='word_1_7' title='bbox 708 807 893 892; x_wconf 78' lang='lat' dir='ltr'>conspectu</span> <span class='ocrx_word' id='word_1_8' title='bbox 908 808 1107 892; x_wconf 83' lang='lat' dir='ltr'>angelorum</span> <span class='ocrx_word' id='word_1_9' title='bbox 1123 807 1240 872; x_wconf 89' lang='lat' dir='ltr'>brutus</span> <span class='ocrx_word' id='word_1_10' title='bbox 1256 808 1343 871; x_wconf 90' lang='lat' dir='ltr'>sicut</span> <span class='ocrx_word' id='word_1_11' title='bbox 1362 807 1429 870; x_wconf 89' lang='lat' dir='ltr'>fera</span> 
     </span>
    </p>
   </div>
   <div class='ocr_carea' id='block_1_3' title="bbox 311 902 1431 1272">
    <p class='ocr_par' dir='ltr' id='par_1_3' title="bbox 311 902 1431 1272">
     <span class='ocr_line' id='line_1_3' title="bbox 312 902 1431 981; baseline -0.004 -13"><span class='ocrx_word' id='word_1_12' title='bbox 312 906 428 981; x_wconf 88' lang='lat' dir='ltr'>silvae,</span> <span class='ocrx_word' id='word_1_13' title='bbox 448 915 507 970; x_wconf 89' lang='lat' dir='ltr'>aut</span> <span class='ocrx_word' id='word_1_14' title='bbox 526 907 614 970; x_wconf 90' lang='lat' dir='ltr'>sicut</span> <span class='ocrx_word' id='word_1_15' title='bbox 636 905 708 968; x_wconf 91' lang='lat' dir='ltr'>avis</span> <span class='ocrx_word' id='word_1_16' title='bbox 726 902 846 980; x_wconf 74' lang='lat' dir='ltr'>noctis,</span> <span class='ocrx_word' id='word_1_17' title='bbox 866 914 925 967; x_wconf 91' lang='lat' dir='ltr'>aut</span> <span class='ocrx_word' id='word_1_18' title='bbox 944 905 1031 968; x_wconf 91' lang='lat' dir='ltr'>sicut</span> <span class='ocrx_word' id='word_1_19' title='bbox 1054 902 1154 966; x_wconf 88' lang='lat' dir='ltr'>belua</span> <span class='ocrx_word' id='word_1_20' title='bbox 1172 903 1292 980; x_wconf 87' lang='lat' dir='ltr'>maris;</span> <span class='ocrx_word' id='word_1_21' title='bbox 1326 903 1431 965; x_wconf 91' lang='lat' dir='ltr'>immo</span> 
     </span>
     <span class='ocr_line' id='line_1_4' title="bbox 311 997 1429 1082; baseline -0.005 -18"><span class='ocrx_word' id='word_1_22' title='bbox 311 1001 417 1064; x_wconf 89' lang='lat' dir='ltr'>bomo</span> <span class='ocrx_word' id='word_1_23' title='bbox 432 999 559 1082; x_wconf 86' lang='lat' dir='ltr'>absque</span> <span class='ocrx_word' id='word_1_24' title='bbox 579 1000 754 1082; x_wconf 84' lang='lat' dir='ltr'>agnitione</span> <span class='ocrx_word' id='word_1_25' title='bbox 773 998 836 1062; x_wconf 91' lang='lat' dir='ltr'>Dei</span> <span class='ocrx_word' id='word_1_26' title='bbox 855 1009 908 1063; x_wconf 90' lang='lat' dir='ltr'>est</span> <span class='ocrx_word' id='word_1_27' title='bbox 927 1001 1014 1062; x_wconf 90' lang='lat' dir='ltr'>sicut</span> <span class='ocrx_word' id='word_1_28' title='bbox 1030 998 1130 1062; x_wconf 93' lang='lat' dir='ltr'>arbor</span> <span class='ocrx_word' id='word_1_29' title='bbox 1145 997 1236 1078; x_wconf 85' lang='lat' dir='ltr'>cujus</span> <span class='ocrx_word' id='word_1_30' title='bbox 1251 999 1335 1060; x_wconf 87' lang='lat' dir='ltr'>rami</span> <span class='ocrx_word' id='word_1_31' title='bbox 1351 1005 1429 1059; x_wconf 92' lang='lat' dir='ltr'>sunt</span> 
     </span>
     <span class='ocr_line' id='line_1_5' title="bbox 311 1091 1430 1175; baseline -0.004 -17"><span class='ocrx_word' id='word_1_32' title='bbox 311 1095 460 1170; x_wconf 89' lang='lat' dir='ltr'>abscissi,</span> <span class='ocrx_word' id='word_1_33' title='bbox 480 1107 516 1158; x_wconf 89' lang='lat' dir='ltr'>et</span> <span class='ocrx_word' id='word_1_34' title='bbox 539 1094 672 1158; x_wconf 85' lang='lat' dir='ltr'>caudex</span> <span class='ocrx_word' id='word_1_35' title='bbox 693 1092 869 1168; x_wconf 72' lang='lat' dir='ltr'>dissectus,</span> <span class='ocrx_word' id='word_1_36' title='bbox 889 1104 925 1157; x_wconf 92' lang='lat' dir='ltr'>et</span> <span class='ocrx_word' id='word_1_37' title='bbox 948 1095 1062 1157; x_wconf 91' lang='lat' dir='ltr'>omnia</span> <span class='ocrx_word' id='word_1_38' title='bbox 1084 1091 1183 1156; x_wconf 90' lang='lat' dir='ltr'>simul</span> <span class='ocrx_word' id='word_1_39' title='bbox 1206 1101 1374 1175; x_wconf 87' lang='lat' dir='ltr'>congesta</span> <span class='ocrx_word' id='word_1_40' title='bbox 1395 1091 1430 1154; x_wconf 90' lang='lat' dir='ltr'>in</span> 
     </span>
     <span class='ocr_line' id='line_1_6' title="bbox 311 1188 1176 1272; baseline -0.002 -20"><span class='ocrx_word' id='word_1_41' title='bbox 311 1201 440 1253; x_wconf 90' lang='lat' dir='ltr'>struem</span> <span class='ocrx_word' id='word_1_42' title='bbox 458 1199 666 1254; x_wconf 85' lang='lat' dir='ltr'>reservatam</span> <span class='ocrx_word' id='word_1_43' title='bbox 689 1189 778 1272; x_wconf 87' lang='lat' dir='ltr'>igni;</span> <span class='ocrx_word' id='word_1_44' title='bbox 802 1209 881 1252; x_wconf 90' lang='lat' dir='ltr'>nam</span> <span class='ocrx_word' id='word_1_45' title='bbox 898 1189 980 1253; x_wconf 92' lang='lat' dir='ltr'>dicit</span> <span class='ocrx_word' id='word_1_46' title='bbox 999 1188 1176 1262; x_wconf 88' lang='lat' dir='ltr'>Dominus,</span> 
     </span>
    </p>
   </div>
   <div class='ocr_carea' id='block_1_4' title="bbox 361 1351 1429 1552">
    <p class='ocr_par' dir='ltr' id='par_1_4' title="bbox 361 1351 1429 1552">
     <span class='ocr_line' id='line_1_7' title="bbox 361 1351 1429 1421; baseline -0.003 -14"><span class='ocrx_word' id='word_1_47' title='bbox 361 1358 445 1408; x_wconf 84' lang='lat' dir='ltr'>“Sine</span> <span class='ocrx_word' id='word_1_48' title='bbox 453 1356 499 1407; x_wconf 87' lang='lat' dir='ltr'>Me</span> <span class='ocrx_word' id='word_1_49' title='bbox 508 1373 562 1406; x_wconf 91' lang='lat' dir='ltr'>non</span> <span class='ocrx_word' id='word_1_50' title='bbox 571 1357 682 1420; x_wconf 87' lang='lat' dir='ltr'>potestis</span> <span class='ocrx_word' id='word_1_51' title='bbox 690 1357 777 1406; x_wconf 88' lang='lat' dir='ltr'>facere</span> <span class='ocrx_word' id='word_1_52' title='bbox 785 1357 923 1421; x_wconf 89' lang='lat' dir='ltr'>quicquam</span> <span class='ocrx_word' id='word_1_53' title='bbox 934 1370 941 1416; x_wconf 87' lang='lat'><strong>;</strong></span> <span class='ocrx_word' id='word_1_54' title='bbox 958 1357 1010 1406; x_wconf 88' lang='lat' dir='ltr'>nisi</span> <span class='ocrx_word' id='word_1_55' title='bbox 1019 1356 1079 1420; x_wconf 89' lang='lat' dir='ltr'>quis</span> <span class='ocrx_word' id='word_1_56' title='bbox 1088 1355 1217 1405; x_wconf 83' lang='lat' dir='ltr'>manserit</span> <span class='ocrx_word' id='word_1_57' title='bbox 1226 1355 1253 1404; x_wconf 90' lang='lat' dir='ltr'>ln</span> <span class='ocrx_word' id='word_1_58' title='bbox 1263 1353 1318 1414; x_wconf 82' lang='lat' dir='ltr'>Me,</span> <span class='ocrx_word' id='word_1_59' title='bbox 1327 1351 1429 1418; x_wconf 68' lang='lat' dir='ltr'>ejectus</span> 
     </span>
     <span class='ocr_line' id='line_1_8' title="bbox 440 1419 1429 1484; baseline -0.003 -11"><span class='ocrx_word' id='word_1_60' title='bbox 440 1433 483 1473; x_wconf 75' lang='lat' dir='ltr'>eet</span> <span class='ocrx_word' id='word_1_61' title='bbox 498 1423 572 1472; x_wconf 88' lang='lat' dir='ltr'>foras</span> <span class='ocrx_word' id='word_1_62' title='bbox 584 1424 651 1472; x_wconf 87' lang='lat' dir='ltr'>sicut</span> <span class='ocrx_word' id='word_1_63' title='bbox 669 1423 772 1484; x_wconf 85' lang='lat' dir='ltr'>palmes</span> <span class='ocrx_word' id='word_1_64' title='bbox 783 1433 811 1471; x_wconf 88' lang='lat' dir='ltr'>et</span> <span class='ocrx_word' id='word_1_65' title='bbox 822 1419 963 1480; x_wconf 70' lang='lat' dir='ltr'>arefactus,</span> <span class='ocrx_word' id='word_1_66' title='bbox 977 1431 1005 1471; x_wconf 85' lang='lat' dir='ltr'>et</span> <span class='ocrx_word' id='word_1_67' title='bbox 1016 1422 1146 1484; x_wconf 84' lang='lat' dir='ltr'>colligunt</span> <span class='ocrx_word' id='word_1_68' title='bbox 1157 1421 1241 1479; x_wconf 86' lang='lat' dir='ltr'>illum,</span> <span class='ocrx_word' id='word_1_69' title='bbox 1254 1431 1283 1472; x_wconf 83' lang='lat' dir='ltr'>et</span> <span class='ocrx_word' id='word_1_70' title='bbox 1298 1421 1327 1470; x_wconf 86' lang='lat' dir='ltr'>in</span> <span class='ocrx_word' id='word_1_71' title='bbox 1339 1421 1429 1484; x_wconf 55' lang='lat' dir='ltr'>Quem</span> 
     </span>
     <span class='ocr_line' id='line_1_9' title="bbox 440 1487 1145 1552; baseline -0.003 -14"><span class='ocrx_word' id='word_1_72' title='bbox 440 1488 587 1552; x_wconf 84' lang='lat' dir='ltr'>conjiciunt</span> <span class='ocrx_word' id='word_1_73' title='bbox 599 1487 681 1546; x_wconf 91' lang='lat' dir='ltr'>illum,</span> <span class='ocrx_word' id='word_1_74' title='bbox 696 1497 723 1538; x_wconf 82' lang='lat' dir='ltr'>et</span> <span class='ocrx_word' id='word_1_75' title='bbox 734 1487 920 1537; x_wconf 78' lang='lat' dir='ltr'>comliuritur”</span> <span class='ocrx_word' id='word_1_76' title='bbox 932 1487 1008 1552; x_wconf 77' lang='lat' dir='ltr'>(Joh.</span> <span class='ocrx_word' id='word_1_77' title='bbox 1019 1502 1063 1538; x_wconf 85' lang='lat' dir='ltr'>xv.</span> <span class='ocrx_word' id='word_1_78' title='bbox 1076 1499 1099 1548; x_wconf 84' lang='grc'>5,</span> <span class='ocrx_word' id='word_1_79' title='bbox 1110 1487 1145 1549; x_wconf 81' lang='grc' dir='ltr'>ὁ).</span> 
     </span>
    </p>
   </div>
   <div class='ocr_carea' id='block_1_5' title="bbox 301 1649 1428 4662">
    <p class='ocr_par' dir='ltr' id='par_1_5' title="bbox 309 1649 1428 2020">
     <span class='ocr_line' id='line_1_10' title="bbox 311 1649 1426 1734; baseline -0.001 -19"><span class='ocrx_word' id='word_1_80' title='bbox 311 1652 428 1716; x_wconf 91' lang='lat' dir='ltr'>Homo</span> <span class='ocrx_word' id='word_1_81' title='bbox 450 1653 577 1734; x_wconf 89' lang='lat' dir='ltr'>absque</span> <span class='ocrx_word' id='word_1_82' title='bbox 600 1653 776 1734; x_wconf 83' lang='lat' dir='ltr'>agnitione</span> <span class='ocrx_word' id='word_1_83' title='bbox 804 1652 868 1716; x_wconf 89' lang='lat' dir='ltr'>Dei</span> <span class='ocrx_word' id='word_1_84' title='bbox 894 1652 985 1716; x_wconf 91' lang='lat' dir='ltr'>intus</span> <span class='ocrx_word' id='word_1_85' title='bbox 1012 1651 1124 1734; x_wconf 87' lang='lat' dir='ltr'>quoad</span> <span class='ocrx_word' id='word_1_86' title='bbox 1151 1649 1331 1715; x_wconf 87' lang='lat' dir='ltr'>rationalia</span> <span class='ocrx_word' id='word_1_87' title='bbox 1356 1671 1426 1726; x_wconf 92' lang='lat' dir='ltr'>sua,</span> 
     </span>
     <span class='ocr_line' id='line_1_11' title="bbox 310 1747 1428 1828; baseline -0.001 -18"><span class='ocrx_word' id='word_1_88' title='bbox 310 1757 363 1810; x_wconf 90' lang='lat' dir='ltr'>est</span> <span class='ocrx_word' id='word_1_89' title='bbox 386 1749 473 1810; x_wconf 94' lang='lat' dir='ltr'>sicut</span> <span class='ocrx_word' id='word_1_90' title='bbox 496 1748 615 1810; x_wconf 89' lang='lat' dir='ltr'>rudera</span> <span class='ocrx_word' id='word_1_91' title='bbox 634 1747 723 1810; x_wconf 92' lang='lat' dir='ltr'>urbis</span> <span class='ocrx_word' id='word_1_92' title='bbox 742 1749 920 1824; x_wconf 90' lang='lat' dir='ltr'>incensae;</span> <span class='ocrx_word' id='word_1_93' title='bbox 947 1756 982 1810; x_wconf 90' lang='lat' dir='ltr'>et</span> <span class='ocrx_word' id='word_1_94' title='bbox 1001 1767 1134 1828; x_wconf 91' lang='lat' dir='ltr'>quoque</span> <span class='ocrx_word' id='word_1_95' title='bbox 1153 1756 1205 1809; x_wconf 90' lang='lat' dir='ltr'>est</span> <span class='ocrx_word' id='word_1_96' title='bbox 1225 1747 1311 1809; x_wconf 91' lang='lat' dir='ltr'>sicut</span> <span class='ocrx_word' id='word_1_97' title='bbox 1335 1747 1428 1809; x_wconf 91' lang='lat' dir='ltr'>cibus</span> 
     </span>
     <span class='ocr_line' id='line_1_12' title="bbox 309 1831 1427 1924; baseline 0 -20"><span class='ocrx_word' id='word_1_98' title='bbox 309 1861 329 1903; x_wconf 91' lang='lat' dir='ltr'>a</span> <span class='ocrx_word' id='word_1_99' title='bbox 348 1862 415 1924; x_wconf 92' lang='lat' dir='ltr'>quo</span> <span class='ocrx_word' id='word_1_100' title='bbox 433 1841 513 1904; x_wconf 91' lang='lat' dir='ltr'>dum</span> <span class='ocrx_word' id='word_1_101' title='bbox 533 1841 711 1906; x_wconf 91' lang='lat' dir='ltr'>nutricium</span> <span class='ocrx_word' id='word_1_102' title='bbox 730 1841 799 1924; x_wconf 91' lang='lat' dir='ltr'>ejus</span> <span class='ocrx_word' id='word_1_103' title='bbox 818 1841 984 1905; x_wconf 88' lang='lat' dir='ltr'>elixatum</span> <span class='ocrx_word' id='word_1_104' title='bbox 1004 1850 1069 1916; x_wconf 89' lang='lat' dir='ltr'>est,</span> <span class='ocrx_word' id='word_1_105' title='bbox 1086 1831 1213 1904; x_wconf 82' lang='lat' dir='ltr'>fatiscit</span> <span class='ocrx_word' id='word_1_106' title='bbox 1231 1841 1265 1903; x_wconf 93' lang='lat' dir='ltr'>in</span> <span class='ocrx_word' id='word_1_107' title='bbox 1284 1842 1427 1924; x_wconf 90' lang='lat' dir='ltr'>sterqui-</span> 
     </span>
     <span class='ocr_line' id='line_1_13' title="bbox 309 1935 725 2020; baseline 0.002 -23"><span class='ocrx_word' id='word_1_108' title='bbox 309 1936 436 2018; x_wconf 89' lang='lat' dir='ltr'>linium.</span> <span class='ocrx_word' id='word_1_109' title='bbox 482 1935 529 1999; x_wconf 94' lang='lat' dir='ltr'>Et</span> <span class='ocrx_word' id='word_1_110' title='bbox 548 1937 595 1998; x_wconf 91' lang='lat' dir='ltr'>sic</span> <span class='ocrx_word' id='word_1_111' title='bbox 615 1956 725 2020; x_wconf 92' lang='lat' dir='ltr'>porro.</span> 
     </span>
    </p>

    <p class='ocr_par' dir='ltr' id='par_1_6' title="bbox 301 2027 1427 4662">
     <span class='ocr_line' id='line_1_14' title="bbox 372 2027 1426 2114; baseline -0.003 -19"><span class='ocrx_word' id='word_1_112' title='bbox 372 2030 445 2114; x_wconf 85' lang='grc'>48.</span> <span class='ocrx_word' id='word_1_113' title='bbox 475 2027 543 2093; x_wconf 88' lang='lat' dir='ltr'>Sed</span> <span class='ocrx_word' id='word_1_114' title='bbox 575 2030 783 2112; x_wconf 91' lang='lat' dir='ltr'>impossibile</span> <span class='ocrx_word' id='word_1_115' title='bbox 813 2038 866 2092; x_wconf 91' lang='lat' dir='ltr'>est</span> <span class='ocrx_word' id='word_1_116' title='bbox 896 2039 933 2094; x_wconf 90' lang='lat' dir='ltr'>ut</span> <span class='ocrx_word' id='word_1_117' title='bbox 966 2029 1072 2092; x_wconf 92' lang='lat' dir='ltr'>homo</span> <span class='ocrx_word' id='word_1_118' title='bbox 1102 2030 1210 2110; x_wconf 89' lang='lat' dir='ltr'>possit</span> <span class='ocrx_word' id='word_1_119' title='bbox 1239 2049 1426 2111; x_wconf 80' lang='lat' dir='ltr'>agnoscere</span> 
     </span>
     <span class='ocr_line' id='line_1_15' title="bbox 310 2123 1427 2207; baseline 0.001 -20"><span class='ocrx_word' id='word_1_120' title='bbox 310 2123 421 2188; x_wconf 92' lang='lat' dir='ltr'>Deum</span> <span class='ocrx_word' id='word_1_121' title='bbox 444 2133 480 2188; x_wconf 87' lang='lat' dir='ltr'>et</span> <span class='ocrx_word' id='word_1_122' title='bbox 503 2124 628 2207; x_wconf 91' lang='lat' dir='ltr'>aliquid</span> <span class='ocrx_word' id='word_1_123' title='bbox 656 2123 748 2206; x_wconf 88' lang='lat' dir='ltr'>Ejus,</span> <span class='ocrx_word' id='word_1_124' title='bbox 773 2125 836 2188; x_wconf 89' lang='lat' dir='ltr'>nisi</span> <span class='ocrx_word' id='word_1_125' title='bbox 863 2124 956 2187; x_wconf 89' lang='lat' dir='ltr'>Deus</span> <span class='ocrx_word' id='word_1_126' title='bbox 979 2123 1023 2188; x_wconf 91' lang='lat' dir='ltr'>Se</span> <span class='ocrx_word' id='word_1_127' title='bbox 1046 2125 1080 2187; x_wconf 94' lang='lat' dir='ltr'>in</span> <span class='ocrx_word' id='word_1_128' title='bbox 1103 2123 1275 2188; x_wconf 91' lang='lat' dir='ltr'>Personali</span> <span class='ocrx_word' id='word_1_129' title='bbox 1303 2123 1427 2188; x_wconf 90' lang='lat' dir='ltr'>Forma</span> 
     </span>
     <span class='ocr_line' id='line_1_16' title="bbox 311 2217 1426 2282; baseline 0.002 -2"><span class='ocrx_word' id='word_1_130' title='bbox 311 2217 471 2282; x_wconf 88' lang='lat' dir='ltr'>Humana</span> <span class='ocrx_word' id='word_1_131' title='bbox 490 2217 775 2282; x_wconf 82' lang='lat' dir='ltr'>manifestaverit:</span> <span class='ocrx_word' id='word_1_132' title='bbox 801 2227 922 2282; x_wconf 90' lang='lat' dir='ltr'>natura</span> <span class='ocrx_word' id='word_1_133' title='bbox 940 2219 1030 2281; x_wconf 90' lang='lat' dir='ltr'>enim</span> <span class='ocrx_word' id='word_1_134' title='bbox 1053 2218 1168 2281; x_wconf 92' lang='lat' dir='ltr'>mundi</span> <span class='ocrx_word' id='word_1_135' title='bbox 1191 2218 1426 2282; x_wconf 82' lang='lat' dir='ltr'>circumfundit</span> 
     </span>
     <span class='ocr_line' id='line_1_17' title="bbox 308 2311 1426 2396; baseline 0 -20"><span class='ocrx_word' id='word_1_136' title='bbox 308 2311 414 2388; x_wconf 91' lang='lat' dir='ltr'>illum,</span> <span class='ocrx_word' id='word_1_137' title='bbox 435 2323 470 2377; x_wconf 92' lang='lat' dir='ltr'>et</span> <span class='ocrx_word' id='word_1_138' title='bbox 493 2333 561 2376; x_wconf 94' lang='lat' dir='ltr'>non</span> <span class='ocrx_word' id='word_1_139' title='bbox 580 2313 685 2388; x_wconf 91' lang='lat' dir='ltr'>videt,</span> <span class='ocrx_word' id='word_1_140' title='bbox 703 2314 808 2377; x_wconf 88' lang='lat' dir='ltr'>sentit</span> <span class='ocrx_word' id='word_1_141' title='bbox 827 2323 862 2376; x_wconf 90' lang='lat' dir='ltr'>et</span> <span class='ocrx_word' id='word_1_142' title='bbox 886 2314 991 2396; x_wconf 89' lang='lat' dir='ltr'>spirat</span> <span class='ocrx_word' id='word_1_143' title='bbox 1010 2313 1313 2395; x_wconf 89' lang='lat' dir='ltr'>quicquamquam</span> <span class='ocrx_word' id='word_1_144' title='bbox 1336 2313 1426 2395; x_wconf 91' lang='lat' dir='ltr'>quod</span> 
     </span>
     <span class='ocr_line' id='line_1_18' title="bbox 307 2406 1426 2490; baseline 0 -20"><span class='ocrx_word' id='word_1_145' title='bbox 307 2408 387 2471; x_wconf 92' lang='lat' dir='ltr'>inde</span> <span class='ocrx_word' id='word_1_146' title='bbox 406 2416 470 2481; x_wconf 90' lang='lat' dir='ltr'>est,</span> <span class='ocrx_word' id='word_1_147' title='bbox 494 2417 531 2471; x_wconf 93' lang='lat' dir='ltr'>et</span> <span class='ocrx_word' id='word_1_148' title='bbox 554 2407 666 2490; x_wconf 87' lang='lat' dir='ltr'>tangit</span> <span class='ocrx_word' id='word_1_149' title='bbox 689 2428 819 2490; x_wconf 88' lang='lat' dir='ltr'>organa</span> <span class='ocrx_word' id='word_1_150' title='bbox 842 2407 992 2490; x_wconf 88' lang='lat' dir='ltr'>corporis</span> <span class='ocrx_word' id='word_1_151' title='bbox 1015 2407 1104 2488; x_wconf 90' lang='lat' dir='ltr'>ejus;</span> <span class='ocrx_word' id='word_1_152' title='bbox 1135 2406 1215 2469; x_wconf 88' lang='lat' dir='ltr'>inde</span> <span class='ocrx_word' id='word_1_153' title='bbox 1238 2426 1335 2470; x_wconf 90' lang='lat' dir='ltr'>mens</span> <span class='ocrx_word' id='word_1_154' title='bbox 1357 2406 1426 2488; x_wconf 85' lang='lat' dir='ltr'>ejus</span> 
     </span>
     <span class='ocr_line' id='line_1_19' title="bbox 308 2499 1424 2584; baseline 0 -19"><span class='ocrx_word' id='word_1_155' title='bbox 308 2503 457 2584; x_wconf 92' lang='lat' dir='ltr'>concipit</span> <span class='ocrx_word' id='word_1_156' title='bbox 476 2512 511 2566; x_wconf 91' lang='lat' dir='ltr'>et</span> <span class='ocrx_word' id='word_1_157' title='bbox 530 2503 667 2584; x_wconf 91' lang='lat' dir='ltr'>suscipit</span> <span class='ocrx_word' id='word_1_158' title='bbox 685 2502 862 2576; x_wconf 88' lang='lat' dir='ltr'>rationale,</span> <span class='ocrx_word' id='word_1_159' title='bbox 882 2501 972 2584; x_wconf 91' lang='lat' dir='ltr'>quod</span> <span class='ocrx_word' id='word_1_160' title='bbox 995 2502 1029 2564; x_wconf 93' lang='lat' dir='ltr'>in</span> <span class='ocrx_word' id='word_1_161' title='bbox 1048 2501 1161 2564; x_wconf 90' lang='lat' dir='ltr'>medio</span> <span class='ocrx_word' id='word_1_162' title='bbox 1180 2499 1331 2565; x_wconf 88' lang='lat' dir='ltr'>Naturae</span> <span class='ocrx_word' id='word_1_163' title='bbox 1349 2522 1424 2584; x_wconf 87' lang='lat' dir='ltr'>gre-</span> 
     </span>
     <span class='ocr_line' id='line_1_20' title="bbox 308 2596 1425 2679; baseline 0 -19"><span class='ocrx_word' id='word_1_164' title='bbox 308 2598 376 2660; x_wconf 93' lang='lat' dir='ltr'>mio</span> <span class='ocrx_word' id='word_1_165' title='bbox 391 2596 494 2679; x_wconf 91' lang='lat' dir='ltr'>jacet,</span> <span class='ocrx_word' id='word_1_166' title='bbox 513 2599 600 2661; x_wconf 91' lang='lat' dir='ltr'>sicut</span> <span class='ocrx_word' id='word_1_167' title='bbox 618 2596 760 2678; x_wconf 89' lang='lat' dir='ltr'>embryo</span> <span class='ocrx_word' id='word_1_168' title='bbox 778 2599 811 2660; x_wconf 92' lang='lat' dir='ltr'>in</span> <span class='ocrx_word' id='word_1_169' title='bbox 830 2607 949 2674; x_wconf 88' lang='lat' dir='ltr'>utero;</span> <span class='ocrx_word' id='word_1_170' title='bbox 973 2615 1035 2660; x_wconf 91' lang='lat' dir='ltr'>nec</span> <span class='ocrx_word' id='word_1_171' title='bbox 1055 2597 1149 2659; x_wconf 91' lang='lat' dir='ltr'>videt</span> <span class='ocrx_word' id='word_1_172' title='bbox 1167 2596 1346 2679; x_wconf 90' lang='lat' dir='ltr'>quicquam</span> <span class='ocrx_word' id='word_1_173' title='bbox 1364 2617 1425 2660; x_wconf 89' lang='lat' dir='ltr'>an·</span> 
     </span>
     <span class='ocr_line' id='line_1_21' title="bbox 307 2689 1424 2774; baseline 0.002 -20"><span class='ocrx_word' id='word_1_174' title='bbox 307 2701 445 2773; x_wconf 88' lang='lat' dir='ltr'>tequam</span> <span class='ocrx_word' id='word_1_175' title='bbox 464 2693 612 2764; x_wconf 88' lang='lat' dir='ltr'>enititur,</span> <span class='ocrx_word' id='word_1_176' title='bbox 632 2700 668 2754; x_wconf 92' lang='lat' dir='ltr'>et</span> <span class='ocrx_word' id='word_1_177' title='bbox 687 2691 810 2773; x_wconf 90' lang='lat' dir='ltr'>accipit</span> <span class='ocrx_word' id='word_1_178' title='bbox 828 2691 946 2754; x_wconf 91' lang='lat' dir='ltr'>visum.</span> <span class='ocrx_word' id='word_1_179' title='bbox 991 2689 1174 2772; x_wconf 85' lang='lat' dir='ltr'>Quomodo</span> <span class='ocrx_word' id='word_1_180' title='bbox 1189 2691 1303 2774; x_wconf 89' lang='lat' dir='ltr'>itaque</span> <span class='ocrx_word' id='word_1_181' title='bbox 1321 2690 1424 2756; x_wconf 91' lang='lat' dir='ltr'>homo</span> 
     </span>
     <span class='ocr_line' id='line_1_22' title="bbox 306 2783 1423 2868; baseline 0.002 -20"><span class='ocrx_word' id='word_1_182' title='bbox 306 2785 341 2848; x_wconf 92' lang='lat' dir='ltr'>in</span> <span class='ocrx_word' id='word_1_183' title='bbox 364 2785 427 2848; x_wconf 92' lang='lat' dir='ltr'>hoc</span> <span class='ocrx_word' id='word_1_184' title='bbox 451 2795 544 2848; x_wconf 89' lang='lat' dir='ltr'>statu</span> <span class='ocrx_word' id='word_1_185' title='bbox 567 2784 680 2866; x_wconf 89' lang='lat' dir='ltr'>aliquo</span> <span class='ocrx_word' id='word_1_186' title='bbox 702 2786 805 2848; x_wconf 91' lang='lat' dir='ltr'>modo</span> <span class='ocrx_word' id='word_1_187' title='bbox 827 2793 942 2868; x_wconf 90' lang='lat' dir='ltr'>potest</span> <span class='ocrx_word' id='word_1_188' title='bbox 966 2785 1173 2867; x_wconf 89' lang='lat' dir='ltr'>transpicere</span> <span class='ocrx_word' id='word_1_189' title='bbox 1193 2783 1369 2862; x_wconf 85' lang='lat' dir='ltr'>Naturam,</span> <span class='ocrx_word' id='word_1_190' title='bbox 1388 2795 1423 2850; x_wconf 92' lang='lat' dir='ltr'>et</span> 
     </span>
     <span class='ocr_line' id='line_1_23' title="bbox 307 2878 1424 2962; baseline 0.002 -20"><span class='ocrx_word' id='word_1_191' title='bbox 307 2899 494 2962; x_wconf 87' lang='lat' dir='ltr'>agnoscere</span> <span class='ocrx_word' id='word_1_192' title='bbox 517 2878 641 2962; x_wconf 91' lang='lat' dir='ltr'>aliquid</span> <span class='ocrx_word' id='word_1_193' title='bbox 668 2879 758 2961; x_wconf 94' lang='lat' dir='ltr'>quod</span> <span class='ocrx_word' id='word_1_194' title='bbox 785 2900 885 2962; x_wconf 91' lang='lat' dir='ltr'>supra</span> <span class='ocrx_word' id='word_1_195' title='bbox 910 2879 1004 2943; x_wconf 88' lang='lat' dir='ltr'>illam</span> <span class='ocrx_word' id='word_1_196' title='bbox 1030 2889 1094 2954; x_wconf 88' lang='lat' dir='ltr'>est,</span> <span class='ocrx_word' id='word_1_197' title='bbox 1118 2879 1218 2961; x_wconf 88' lang='lat' dir='ltr'>quale</span> <span class='ocrx_word' id='word_1_198' title='bbox 1244 2889 1297 2943; x_wconf 92' lang='lat' dir='ltr'>est</span> <span class='ocrx_word' id='word_1_199' title='bbox 1323 2900 1424 2944; x_wconf 91' lang='lat' dir='ltr'>omne</span> 
     </span>
     <span class='ocr_line' id='line_1_24' title="bbox 307 2971 1422 3056; baseline 0.002 -20"><span class='ocrx_word' id='word_1_200' title='bbox 307 2971 477 3048; x_wconf 89' lang='lat' dir='ltr'>Divinum,</span> <span class='ocrx_word' id='word_1_201' title='bbox 498 2973 657 3048; x_wconf 89' lang='lat' dir='ltr'>caeleste,</span> <span class='ocrx_word' id='word_1_202' title='bbox 677 2983 713 3037; x_wconf 91' lang='lat' dir='ltr'>et</span> <span class='ocrx_word' id='word_1_203' title='bbox 734 2972 919 3056; x_wconf 87' lang='lat' dir='ltr'>spirituale,</span> <span class='ocrx_word' id='word_1_204' title='bbox 939 2983 975 3037; x_wconf 92' lang='lat' dir='ltr'>et</span> <span class='ocrx_word' id='word_1_205' title='bbox 998 2973 1076 3036; x_wconf 91' lang='lat' dir='ltr'>inde</span> <span class='ocrx_word' id='word_1_206' title='bbox 1098 2992 1200 3036; x_wconf 89' lang='lat' dir='ltr'>omne</span> <span class='ocrx_word' id='word_1_207' title='bbox 1219 2974 1422 3056; x_wconf 89' lang='lat' dir='ltr'>religiosum,</span> 
     </span>
     <span class='ocr_line' id='line_1_25' title="bbox 307 3065 1423 3152; baseline 0.003 -22"><span class='ocrx_word' id='word_1_208' title='bbox 307 3089 393 3152; x_wconf 91' lang='lat' dir='ltr'>quae</span> <span class='ocrx_word' id='word_1_209' title='bbox 423 3067 456 3131; x_wconf 92' lang='lat' dir='ltr'>in</span> <span class='ocrx_word' id='word_1_210' title='bbox 486 3089 523 3132; x_wconf 91' lang='lat' dir='ltr'>se</span> <span class='ocrx_word' id='word_1_211' title='bbox 553 3079 632 3132; x_wconf 91' lang='lat' dir='ltr'>sunt</span> <span class='ocrx_word' id='word_1_212' title='bbox 662 3089 762 3151; x_wconf 88' lang='lat' dir='ltr'>supra</span> <span class='ocrx_word' id='word_1_213' title='bbox 788 3067 976 3132; x_wconf 87' lang='lat' dir='ltr'>naturalia?</span> <span class='ocrx_word' id='word_1_214' title='bbox 1026 3065 1243 3150; x_wconf 85' lang='lat' dir='ltr'>Quapropter</span> <span class='ocrx_word' id='word_1_215' title='bbox 1268 3069 1423 3133; x_wconf 86' lang='lat' dir='ltr'>absoluta</span> 
     </span>
     <span class='ocr_line' id='line_1_26' title="bbox 306 3161 1422 3247; baseline 0.002 -22"><span class='ocrx_word' id='word_1_216' title='bbox 306 3163 493 3226; x_wconf 88' lang='lat' dir='ltr'>necessitas</span> <span class='ocrx_word' id='word_1_217' title='bbox 511 3172 564 3226; x_wconf 90' lang='lat' dir='ltr'>est</span> <span class='ocrx_word' id='word_1_218' title='bbox 583 3173 620 3227; x_wconf 96' lang='lat' dir='ltr'>ut</span> <span class='ocrx_word' id='word_1_219' title='bbox 644 3163 737 3226; x_wconf 90' lang='lat' dir='ltr'>Deus</span> <span class='ocrx_word' id='word_1_220' title='bbox 756 3161 799 3227; x_wconf 89' lang='lat' dir='ltr'>Se</span> <span class='ocrx_word' id='word_1_221' title='bbox 819 3161 1023 3236; x_wconf 88' lang='lat' dir='ltr'>manifestet,</span> <span class='ocrx_word' id='word_1_222' title='bbox 1043 3171 1078 3226; x_wconf 91' lang='lat' dir='ltr'>et</span> <span class='ocrx_word' id='word_1_223' title='bbox 1101 3163 1148 3225; x_wconf 93' lang='lat' dir='ltr'>sic</span> <span class='ocrx_word' id='word_1_224' title='bbox 1173 3161 1217 3226; x_wconf 92' lang='lat' dir='ltr'>Se</span> <span class='ocrx_word' id='word_1_225' title='bbox 1238 3163 1340 3227; x_wconf 91' lang='lat' dir='ltr'>faciat</span> <span class='ocrx_word' id='word_1_226' title='bbox 1362 3184 1422 3247; x_wconf 89' lang='lat' dir='ltr'>ag·</span> 
     </span>
     <span class='ocr_line' id='line_1_27' title="bbox 306 3255 1421 3340; baseline 0.004 -22"><span class='ocrx_word' id='word_1_227' title='bbox 306 3257 411 3331; x_wconf 88' lang='lat' dir='ltr'>nosci,</span> <span class='ocrx_word' id='word_1_228' title='bbox 428 3277 468 3321; x_wconf 91' lang='lat' dir='ltr'>ac</span> <span class='ocrx_word' id='word_1_229' title='bbox 488 3267 566 3339; x_wconf 89' lang='lat' dir='ltr'>post</span> <span class='ocrx_word' id='word_1_230' title='bbox 582 3257 793 3339; x_wconf 88' lang='lat' dir='ltr'>agnitionem</span> <span class='ocrx_word' id='word_1_231' title='bbox 809 3259 949 3340; x_wconf 89' lang='lat' dir='ltr'>inspiret</span> <span class='ocrx_word' id='word_1_232' title='bbox 964 3255 1057 3320; x_wconf 93' lang='lat' dir='ltr'>illum</span> <span class='ocrx_word' id='word_1_233' title='bbox 1078 3255 1202 3319; x_wconf 90' lang='lat' dir='ltr'>Divino</span> <span class='ocrx_word' id='word_1_234' title='bbox 1218 3279 1279 3321; x_wconf 89' lang='lat' dir='ltr'>suo</span> <span class='ocrx_word' id='word_1_235' title='bbox 1295 3257 1421 3332; x_wconf 87' lang='lat' dir='ltr'>afflatu,</span> 
     </span>
     <span class='ocr_line' id='line_1_28' title="bbox 306 3350 1422 3433; baseline 0.002 -19"><span class='ocrx_word' id='word_1_236' title='bbox 306 3360 341 3414; x_wconf 90' lang='lat' dir='ltr'>et</span> <span class='ocrx_word' id='word_1_237' title='bbox 364 3371 423 3432; x_wconf 91' lang='lat' dir='ltr'>per</span> <span class='ocrx_word' id='word_1_238' title='bbox 441 3351 529 3414; x_wconf 90' lang='lat' dir='ltr'>hunc</span> <span class='ocrx_word' id='word_1_239' title='bbox 549 3361 724 3433; x_wconf 88' lang='lat' dir='ltr'>receptum</span> <span class='ocrx_word' id='word_1_240' title='bbox 741 3351 775 3414; x_wconf 91' lang='lat' dir='ltr'>in</span> <span class='ocrx_word' id='word_1_241' title='bbox 795 3353 897 3415; x_wconf 92' lang='lat' dir='ltr'>corde</span> <span class='ocrx_word' id='word_1_242' title='bbox 915 3351 1019 3414; x_wconf 88' lang='lat' dir='ltr'>ducat</span> <span class='ocrx_word' id='word_1_243' title='bbox 1037 3350 1143 3425; x_wconf 93' lang='lat' dir='ltr'>illum,</span> <span class='ocrx_word' id='word_1_244' title='bbox 1163 3361 1198 3414; x_wconf 94' lang='lat' dir='ltr'>et</span> <span class='ocrx_word' id='word_1_245' title='bbox 1221 3352 1361 3416; x_wconf 90' lang='lat' dir='ltr'>tandem</span> <span class='ocrx_word' id='word_1_246' title='bbox 1379 3353 1422 3416; x_wconf 87' lang='lat' dir='ltr'>ad</span> 
     </span>
     <span class='ocr_line' id='line_1_29' title="bbox 306 3443 1421 3529; baseline 0.002 -21"><span class='ocrx_word' id='word_1_247' title='bbox 306 3443 351 3509; x_wconf 86' lang='lat' dir='ltr'>Se</span> <span class='ocrx_word' id='word_1_248' title='bbox 373 3446 407 3507; x_wconf 92' lang='lat' dir='ltr'>in</span> <span class='ocrx_word' id='word_1_249' title='bbox 430 3445 581 3524; x_wconf 84' lang='lat' dir='ltr'>caelum;</span> <span class='ocrx_word' id='word_1_250' title='bbox 611 3445 703 3528; x_wconf 89' lang='lat' dir='ltr'>quod</span> <span class='ocrx_word' id='word_1_251' title='bbox 726 3465 939 3529; x_wconf 89' lang='lat' dir='ltr'>nequaquam</span> <span class='ocrx_word' id='word_1_252' title='bbox 962 3444 1031 3508; x_wconf 87' lang='lat' dir='ltr'>fieri</span> <span class='ocrx_word' id='word_1_253' title='bbox 1054 3453 1181 3528; x_wconf 91' lang='lat' dir='ltr'>potest,</span> <span class='ocrx_word' id='word_1_254' title='bbox 1205 3447 1268 3510; x_wconf 91' lang='lat' dir='ltr'>nisi</span> <span class='ocrx_word' id='word_1_255' title='bbox 1290 3467 1351 3529; x_wconf 88' lang='lat' dir='ltr'>per</span> <span class='ocrx_word' id='word_1_256' title='bbox 1371 3448 1421 3510; x_wconf 93' lang='lat' dir='ltr'>in-</span> 
     </span>
     <span class='ocr_line' id='line_1_30' title="bbox 305 3537 1421 3624; baseline 0.002 -22"><span class='ocrx_word' id='word_1_257' title='bbox 305 3537 518 3604; x_wconf 73' lang='lat' dir='ltr'>structiones.</span> <span class='ocrx_word' id='word_1_258' title='bbox 564 3539 688 3604; x_wconf 90' lang='lat' dir='ltr'>Nonne</span> <span class='ocrx_word' id='word_1_259' title='bbox 714 3541 818 3604; x_wconf 91' lang='lat' dir='ltr'>etiam</span> <span class='ocrx_word' id='word_1_260' title='bbox 849 3541 1033 3622; x_wconf 89' lang='lat' dir='ltr'>imperator</span> <span class='ocrx_word' id='word_1_261' title='bbox 1059 3549 1094 3604; x_wconf 91' lang='lat' dir='ltr'>et</span> <span class='ocrx_word' id='word_1_262' title='bbox 1124 3561 1186 3604; x_wconf 87' lang='lat' dir='ltr'>rex</span> <span class='ocrx_word' id='word_1_263' title='bbox 1213 3561 1249 3604; x_wconf 91' lang='lat' dir='ltr'>se</span> <span class='ocrx_word' id='word_1_264' title='bbox 1279 3542 1421 3624; x_wconf 91' lang='lat' dir='ltr'>primum</span> 
     </span>
     <span class='ocr_line' id='line_1_31' title="bbox 305 3633 1421 3718; baseline 0.003 -21"><span class='ocrx_word' id='word_1_265' title='bbox 305 3633 406 3698; x_wconf 89' lang='lat' dir='ltr'>faciet</span> <span class='ocrx_word' id='word_1_266' title='bbox 433 3635 573 3716; x_wconf 88' lang='lat' dir='ltr'>agnosci</span> <span class='ocrx_word' id='word_1_267' title='bbox 600 3643 636 3698; x_wconf 92' lang='lat' dir='ltr'>et</span> <span class='ocrx_word' id='word_1_268' title='bbox 662 3637 817 3698; x_wconf 88' lang='lat' dir='ltr'>coronari</span> <span class='ocrx_word' id='word_1_269' title='bbox 844 3644 1027 3716; x_wconf 89' lang='lat' dir='ltr'>antequam</span> <span class='ocrx_word' id='word_1_270' title='bbox 1054 3635 1246 3718; x_wconf 87' lang='lat' dir='ltr'>auspicatur</span> <span class='ocrx_word' id='word_1_271' title='bbox 1271 3637 1421 3718; x_wconf 90' lang='lat' dir='ltr'>regimen</span> 
     </span>
     <span class='ocr_line' id='line_1_32' title="bbox 305 3729 1420 3812; baseline 0.002 -20"><span class='ocrx_word' id='word_1_272' title='bbox 305 3729 424 3792; x_wconf 86' lang='lat' dir='ltr'>suum?</span> <span class='ocrx_word' id='word_1_273' title='bbox 455 3729 559 3792; x_wconf 89' lang='lat' dir='ltr'>etiam</span> <span class='ocrx_word' id='word_1_274' title='bbox 582 3738 765 3812; x_wconf 87' lang='lat' dir='ltr'>antequam</span> <span class='ocrx_word' id='word_1_275' title='bbox 787 3739 982 3804; x_wconf 86' lang='lat' dir='ltr'>coronatur,</span> <span class='ocrx_word' id='word_1_276' title='bbox 1002 3729 1188 3812; x_wconf 85' lang='lat' dir='ltr'>insignibus</span> <span class='ocrx_word' id='word_1_277' title='bbox 1210 3729 1349 3794; x_wconf 86' lang='lat' dir='ltr'>dominii</span> <span class='ocrx_word' id='word_1_278' title='bbox 1372 3731 1420 3794; x_wconf 93' lang='lat' dir='ltr'>in·</span> 
     </span>
     <span class='ocr_line' id='line_1_33' title="bbox 305 3823 1419 3906; baseline 0.003 -21"><span class='ocrx_word' id='word_1_279' title='bbox 305 3824 454 3898; x_wconf 90' lang='lat' dir='ltr'>struitur,</span> <span class='ocrx_word' id='word_1_280' title='bbox 478 3833 514 3888; x_wconf 90' lang='lat' dir='ltr'>et</span> <span class='ocrx_word' id='word_1_281' title='bbox 541 3825 667 3900; x_wconf 89' lang='lat' dir='ltr'>amicit,</span> <span class='ocrx_word' id='word_1_282' title='bbox 693 3844 733 3888; x_wconf 89' lang='lat' dir='ltr'>ac</span> <span class='ocrx_word' id='word_1_283' title='bbox 760 3825 869 3906; x_wconf 89' lang='lat' dir='ltr'>ungit,</span> <span class='ocrx_word' id='word_1_284' title='bbox 893 3823 1146 3887; x_wconf 89' lang='lat' dir='ltr'>confoederabit</span> <span class='ocrx_word' id='word_1_285' title='bbox 1173 3825 1235 3887; x_wconf 90' lang='lat' dir='ltr'>sibi</span> <span class='ocrx_word' id='word_1_286' title='bbox 1261 3824 1419 3906; x_wconf 92' lang='lat' dir='ltr'>populum</span> 
     </span>
     <span class='ocr_line' id='line_1_34' title="bbox 303 3915 1420 4001; baseline 0.002 -20"><span class='ocrx_word' id='word_1_287' title='bbox 303 3937 364 4000; x_wconf 91' lang='lat' dir='ltr'>per</span> <span class='ocrx_word' id='word_1_288' title='bbox 386 3915 486 4000; x_wconf 73' lang='lat' dir='ltr'>pacta</span> <span class='ocrx_word' id='word_1_289' title='bbox 504 3929 675 3982; x_wconf 88' lang='lat' dir='ltr'>conventa</span> <span class='ocrx_word' id='word_1_290' title='bbox 693 3920 848 4001; x_wconf 90' lang='lat' dir='ltr'>utrinque</span> <span class='ocrx_word' id='word_1_291' title='bbox 863 3918 998 4000; x_wconf 75' lang='lat' dir='ltr'>jurata?</span> <span class='ocrx_word' id='word_1_292' title='bbox 1026 3939 1093 4000; x_wconf 92' lang='lat' dir='ltr'>quo</span> <span class='ocrx_word' id='word_1_293' title='bbox 1111 3916 1200 3983; x_wconf 72' lang='lat' dir='ltr'>facto</span> <span class='ocrx_word' id='word_1_294' title='bbox 1219 3919 1362 4001; x_wconf 92' lang='lat' dir='ltr'>populus</span> <span class='ocrx_word' id='word_1_295' title='bbox 1383 3917 1420 3983; x_wconf 91' lang='lat' dir='ltr'>fit</span> 
     </span>
     <span class='ocr_line' id='line_1_35' title="bbox 303 4011 1420 4096; baseline 0.001 -21"><span class='ocrx_word' id='word_1_296' title='bbox 303 4013 404 4094; x_wconf 73' lang='lat' dir='ltr'>regiS,</span> <span class='ocrx_word' id='word_1_297' title='bbox 425 4021 460 4076; x_wconf 88' lang='lat' dir='ltr'>et</span> <span class='ocrx_word' id='word_1_298' title='bbox 483 4033 544 4076; x_wconf 85' lang='lat' dir='ltr'>rex</span> <span class='ocrx_word' id='word_1_299' title='bbox 563 4012 687 4096; x_wconf 92' lang='lat' dir='ltr'>populi.</span> <span class='ocrx_word' id='word_1_300' title='bbox 733 4011 856 4076; x_wconf 90' lang='lat' dir='ltr'>Nonne</span> <span class='ocrx_word' id='word_1_301' title='bbox 876 4032 1018 4095; x_wconf 90' lang='lat' dir='ltr'>sponsus</span> <span class='ocrx_word' id='word_1_302' title='bbox 1036 4031 1073 4075; x_wconf 92' lang='lat' dir='ltr'>se</span> <span class='ocrx_word' id='word_1_303' title='bbox 1091 4013 1234 4094; x_wconf 90' lang='lat' dir='ltr'>primurn</span> <span class='ocrx_word' id='word_1_304' title='bbox 1252 4012 1353 4076; x_wconf 89' lang='lat' dir='ltr'>faciet</span> <span class='ocrx_word' id='word_1_305' title='bbox 1372 4013 1420 4076; x_wconf 87' lang='lat' dir='ltr'>vi·</span> 
     </span>
     <span class='ocr_line' id='line_1_36' title="bbox 303 4107 1420 4190; baseline 0.001 -20"><span class='ocrx_word' id='word_1_306' title='bbox 303 4107 375 4170; x_wconf 89' lang='lat' dir='ltr'>deri</span> <span class='ocrx_word' id='word_1_307' title='bbox 387 4117 570 4189; x_wconf 87' lang='lat' dir='ltr'>antequam</span> <span class='ocrx_word' id='word_1_308' title='bbox 583 4107 741 4190; x_wconf 91' lang='lat' dir='ltr'>proponit</span> <span class='ocrx_word' id='word_1_309' title='bbox 754 4107 1064 4190; x_wconf 88' lang='lat' dir='ltr'>desponsationem,</span> <span class='ocrx_word' id='word_1_310' title='bbox 1077 4117 1113 4170; x_wconf 90' lang='lat' dir='ltr'>et</span> <span class='ocrx_word' id='word_1_311' title='bbox 1129 4118 1250 4189; x_wconf 89' lang='lat' dir='ltr'>postea</span> <span class='ocrx_word' id='word_1_312' title='bbox 1264 4107 1420 4190; x_wconf 81' lang='lat' dir='ltr'>nuptias?</span> 
     </span>
     <span class='ocr_line' id='line_1_37' title="bbox 303 4197 1419 4284; baseline 0 -20"><span class='ocrx_word' id='word_1_313' title='bbox 303 4201 433 4264; x_wconf 90' lang='lat' dir='ltr'>Annon</span> <span class='ocrx_word' id='word_1_314' title='bbox 455 4211 553 4283; x_wconf 88' lang='lat' dir='ltr'>pater</span> <span class='ocrx_word' id='word_1_315' title='bbox 575 4219 690 4265; x_wconf 90' lang='lat' dir='ltr'>coram</span> <span class='ocrx_word' id='word_1_316' title='bbox 713 4221 774 4264; x_wconf 89' lang='lat' dir='ltr'>suo</span> <span class='ocrx_word' id='word_1_317' title='bbox 796 4202 924 4265; x_wconf 90' lang='lat' dir='ltr'>infante</span> <span class='ocrx_word' id='word_1_318' title='bbox 947 4203 1056 4276; x_wconf 89' lang='lat' dir='ltr'>sistet,</span> <span class='ocrx_word' id='word_1_319' title='bbox 1080 4200 1174 4264; x_wconf 93' lang='lat' dir='ltr'>illum</span> <span class='ocrx_word' id='word_1_320' title='bbox 1197 4197 1419 4284; x_wconf 75' lang='lat' dir='ltr'>amplectetur</span> 
     </span>
     <span class='ocr_line' id='line_1_38' title="bbox 301 4293 1417 4379; baseline 0.002 -21"><span class='ocrx_word' id='word_1_321' title='bbox 301 4305 338 4358; x_wconf 90' lang='lat' dir='ltr'>et</span> <span class='ocrx_word' id='word_1_322' title='bbox 358 4295 574 4372; x_wconf 89' lang='lat' dir='ltr'>osculabitur,</span> <span class='ocrx_word' id='word_1_323' title='bbox 592 4306 775 4379; x_wconf 88' lang='lat' dir='ltr'>antequam</span> <span class='ocrx_word' id='word_1_324' title='bbox 794 4296 902 4360; x_wconf 87' lang='lat' dir='ltr'>infans</span> <span class='ocrx_word' id='word_1_325' title='bbox 918 4305 1034 4378; x_wconf 89' lang='lat' dir='ltr'>potest</span> <span class='ocrx_word' id='word_1_326' title='bbox 1053 4295 1176 4369; x_wconf 91' lang='lat' dir='ltr'>dicere,</span> <span class='ocrx_word' id='word_1_327' title='bbox 1195 4293 1337 4370; x_wconf 85' lang='lat' dir='ltr'>“Abba,</span> <span class='ocrx_word' id='word_1_328' title='bbox 1356 4293 1417 4360; x_wconf 87' lang='lat' dir='ltr'>Pa·</span> 
     </span>
     <span class='ocr_line' id='line_1_39' title="bbox 303 4389 1417 4473; baseline -0.002 -20"><span class='ocrx_word' id='word_1_329' title='bbox 303 4399 356 4453; x_wconf 88' lang='lat' dir='ltr'>ter</span> <span class='ocrx_word' id='word_1_330' title='bbox 366 4390 395 4452; x_wconf 88' lang='lat'>?”</span> <span class='ocrx_word' id='word_1_331' title='bbox 439 4389 486 4454; x_wconf 87' lang='lat' dir='ltr'>Et</span> <span class='ocrx_word' id='word_1_332' title='bbox 512 4392 559 4454; x_wconf 88' lang='lat' dir='ltr'>sic</span> <span class='ocrx_word' id='word_1_333' title='bbox 587 4411 696 4473; x_wconf 90' lang='lat' dir='ltr'>porro.</span> <span class='ocrx_word' id='word_1_334' title='bbox 741 4389 865 4456; x_wconf 88' lang='lat' dir='ltr'>Adhuc</span> <span class='ocrx_word' id='word_1_335' title='bbox 892 4389 968 4472; x_wconf 89' lang='lat' dir='ltr'>plus</span> <span class='ocrx_word' id='word_1_336' title='bbox 994 4389 1160 4457; x_wconf 89' lang='lat' dir='ltr'>Dominus</span> <span class='ocrx_word' id='word_1_337' title='bbox 1184 4389 1338 4472; x_wconf 89' lang='lat' dir='ltr'>Jehovih‚</span> <span class='ocrx_word' id='word_1_338' title='bbox 1363 4390 1417 4472; x_wconf 91' lang='lat' dir='ltr'>qui</span> 
     </span>
     <span class='ocr_line' id='line_1_40' title="bbox 302 4482 1414 4567; baseline -0.001 -20"><span class='ocrx_word' id='word_1_339' title='bbox 302 4493 356 4547; x_wconf 89' lang='lat' dir='ltr'>est</span> <span class='ocrx_word' id='word_1_340' title='bbox 374 4483 485 4547; x_wconf 85' lang='lat' dir='ltr'>“Rex</span> <span class='ocrx_word' id='word_1_341' title='bbox 502 4503 619 4567; x_wconf 88' lang='lat' dir='ltr'>regum</span> <span class='ocrx_word' id='word_1_342' title='bbox 635 4494 671 4548; x_wconf 90' lang='lat' dir='ltr'>et</span> <span class='ocrx_word' id='word_1_343' title='bbox 691 4484 857 4548; x_wconf 89' lang='lat' dir='ltr'>Dominus</span> <span class='ocrx_word' id='word_1_344' title='bbox 872 4485 1085 4548; x_wconf 90' lang='lat' dir='ltr'>dominorum</span> <span class='ocrx_word' id='word_1_345' title='bbox 1094 4483 1108 4508; x_wconf 84' lang='lat'>&#39;¹</span> <span class='ocrx_word' id='word_1_346' title='bbox 1123 4482 1239 4566; x_wconf 81' lang='lat' dir='ltr'>(Apoc.</span> <span class='ocrx_word' id='word_1_347' title='bbox 1255 4483 1336 4547; x_wconf 87' lang='lat' dir='ltr'>xvii.</span> <span class='ocrx_word' id='word_1_348' title='bbox 1353 4483 1414 4566; x_wconf 90' lang='lat'>14),</span> 
     </span>
     <span class='ocr_line' id='line_1_41' title="bbox 303 4575 1398 4662; baseline 0.002 -22"><span class='ocrx_word' id='word_1_349' title='bbox 303 4575 480 4643; x_wconf 82' lang='lat' dir='ltr'>Ecclesiae</span> <span class='ocrx_word' id='word_1_350' title='bbox 503 4577 654 4662; x_wconf 89' lang='lat' dir='ltr'>Sponsus</span> <span class='ocrx_word' id='word_1_351' title='bbox 676 4589 712 4644; x_wconf 88' lang='lat' dir='ltr'>et</span> <span class='ocrx_word' id='word_1_352' title='bbox 735 4579 879 4644; x_wconf 91' lang='lat' dir='ltr'>Maritus</span> <span class='ocrx_word' id='word_1_353' title='bbox 900 4577 945 4662; x_wconf 79' lang='lat' dir='ltr'>(A</span> <span class='ocrx_word' id='word_1_354' title='bbox 946 4588 1017 4661; x_wconf 82' lang='lat' dir='ltr'>poc.</span> <span class='ocrx_word' id='word_1_355' title='bbox 1034 4579 1105 4642; x_wconf 88' lang='lat' dir='ltr'>xxi.</span> <span class='ocrx_word' id='word_1_356' title='bbox 1125 4577 1172 4662; x_wconf 91' lang='lat'>9),</span> <span class='ocrx_word' id='word_1_357' title='bbox 1190 4589 1224 4643; x_wconf 92' lang='lat' dir='ltr'>et</span> <span class='ocrx_word' id='word_1_358' title='bbox 1247 4579 1325 4643; x_wconf 93' lang='lat' dir='ltr'>inde</span> <span class='ocrx_word' id='word_1_359' title='bbox 1341 4597 1398 4642; x_wconf 91' lang='lat' dir='ltr'>om</span> 
     </span>
    </p>
   </div>
   <div class='ocr_carea' id='block_1_6' title="bbox 0 0 1674 5300">
    <p class='ocr_par' dir='ltr' id='par_1_7' title="bbox 0 0 1674 5300">
     <span class='ocr_line' id='line_1_42' title="bbox 0 0 1674 5300; baseline 0 4"><span class='ocrx_word' id='word_1_360' title='bbox 0 0 1674 5300; x_wconf 95' lang='lat' dir='ltr'> </span> 
     </span>
    </p>
   </div>
  </div>
 </body>
</html>
