3352 5298
283 631 322 692 16
603 643 654 694 DE
677 643 782 694 NOVA
806 643 1082 696 fflERosoLvMA

281 811 363 866 illum
379 820 410 867 et
426 827 485 866 non
506 811 583 866 intra
599 812 690 874 illum,
706 821 740 866 ut
758 821 859 868 tamen
874 822 994 882 oportet
1013 829 1087 869 esse.
1124 811 1199 868 Inde
1217 827 1338 886 quoque
1356 825 1402 872 est

279 893 360 963 quod
370 892 507 948 dossrina
516 893 677 956 charitatis,
686 909 763 965 quse
772 894 848 948 tanti
859 895 945 965 pretii
956 895 1052 950 fuerat
1060 896 1140 966 apud
1150 895 1297 966 antiquos,
1311 895 1402 950 hodie

280 975 358 1028 inter
375 990 422 1029 res
447 975 617 1046 deperditas
638 975 693 1030 sit:
717 974 784 1046 quis
804 975 884 1030 enim
906 975 997 1031 hodie
1019 975 1104 1030 novit
1123 975 1195 1047 quid
1218 975 1249 1030 in
1270 975 1403 1047 genuino

279 1070 367 1109 sensu
378 1065 423 1110 est
431 1055 568 1118 charitas,
577 1065 608 1110 et
617 1055 689 1126 quid
699 1054 728 1109 in
736 1055 869 1126 genuino
878 1071 967 1110 sensu
977 1066 1024 1111 est
1034 1055 1208 1126 proximus?
1223 1073 1290 1110 cum
1301 1065 1403 1110 tamen

280 1137 329 1190 illa
342 1134 478 1191 derina
490 1153 550 1192 non
565 1136 657 1190 modo
670 1135 701 1190 id
714 1136 811 1199 dooet.
822 1136 875 1192 sed
889 1135 1010 1206 insuper
1023 1137 1187 1199 innumera,
1200 1129 1328 1208 quorum'
1342 1151 1403 1191 non

280 1216 438 1272 millesima
459 1233 527 1287 pars
547 1216 637 1272 hodie
660 1215 763 1271 scitur.
800 1215 879 1272 Tota
902 1215 1054 1288 Scriptura
1073 1215 1163 1271 Sacra
1181 1232 1241 1272 non
1257 1216 1338 1272 aliud
1357 1226 1403 1272 est

279 1295 534 1434 ἓξέθιὲιάἓοᾶτίηα
549 1296 671 1352 Amoris
687 1307 718 1352 et
733 1295 913 1360 charitatis3
932 1297 1013 1368 quod
1029 1297 1119 1352 etiam
1139 1295 1287 1352 Dominus
1305 1297 1402 1359 docet,

327 1511 341 1534 ¹⁸
349 1507 449 1556 Amabis
462 1507 596 1554 Dominum
608 1507 690 1554 Deum
702 1513 771 1554 tuum
784 1520 814 1554 ex
826 1513 879 1554 toto
894 1507 966 1554 eorde
978 1513 1029 1562 tuo,
1041 1513 1066 1553 et
1080 1507 1106 1553 in
1121 1514 1173 1554 tota
1187 1507 1268 1554 suims
1279 1513 1328 1562 tua.
1339 1513 1364 1553 et
1378 1505 1403 1554 iu

400 1575 452 1614 tots
467 1575 547 1616 mente
562 1577 618 1624 tua:
638 1569 686 1614 hoc
701 1575 737 1614 est
751 1567 892 1628 primarium
904 1573 928 1613 et
943 1579 1059 1627 maguum
1074 1568 1228 1614 mandatum:
1238 1603 1244 1614 .
1254 1567 1403 1616 ,secundun

400 1629 476 1676 simile
486 1637 522 1676 ut
532 1629 572 1684 illi.
583 1629 683 1676 Amabis
692 1629 830 1688 proximum
840 1634 910 1674 tuum
920 1627 981 1674 sicut
991 1628 1032 1674 tei
1062 1641 1116 1675 um:
1132 1641 1162 1675 ex
1172 1628 1210 1676 his
1224 1629 1321 1676 duobus
1334 1640 1403 1676 mn·

401 1689 493 1738 datis..
503 1690 555 1738 Lex
565 1696 590 1737 et
601 1689 734 1749 Prophetae
744 1687 872 1749 pendent''
884 1689 984 1749 (Mam.
1029 1689 1034 1700 '
1045 1723 1051 1737 .
1062 1692 1157 1748 37·39).

282 1825 298 1847 ¹·
306 1816 367 1872 Lex
378 1827 409 1872 et
423 1815 592 1888 Prophetae
599 1817 615 1836 ”
624 1825 695 1872 sunt
707 1815 839 1871 Verbum
853 1815 883 1870 in
897 1815 1037 1872 bmuibus
1050 1825 1082 1871 et
1093 1815 1227 1888 singulis.

334 1918 398 1966 lo.
424 1903 458 1961 In
472 1905 665 1977 sequentibus
677 1905 855 1977 adJicientur
866 1905 990 1978 singulis
1006 1903 1219 1961 doilrinalibus
1233 1905 1351 1960 Collatia
1366 1923 1403 1963 ex

282 1989 410 2044 Arcam‘s
424 1987 601 2051 caelestibus,
614 1985 684 2060 quia
697 1986 726 2041 in
740 1986 786 2043 his
799 1987 903 2043 eadem
919 1986 1046 2058 amplius
1058 1986 1206 2059 explicata
1217 1995 1296 2042 sunt.
