3322 5298
274 678 319 742 60
550 689 725 742 cnuouss
747 689 878 742 novus
900 689 1117 742 accessise,

338 859 539 942 Symbolum
559 871 674 925 autern
692 861 876 924 Nicaenum
893 861 997 924 tradit
1017 860 1060 924 de
1079 860 1154 924 Deo
1178 859 1278 924 Patre
1300 859 1390 943 quod

275 958 320 1021 sit
336 955 478 1021 Creator
492 957 657 1034 universi;
682 957 725 1019 de
741 955 840 1030 Filio,
857 956 948 1038 quod
964 958 1008 1018 sit
1025 956 1161 1038 genitus
1179 963 1262 1018 ante
1277 955 1393 1017 omnia

274 1049 421 1125 saecula,
440 1059 476 1114 et
495 1051 585 1133 quod
604 1050 819 1113 descenderit
839 1059 874 1113 et
893 1051 1089 1112 incarnatus
1107 1050 1172 1127 sit;
1196 1057 1232 1112 et
1252 1048 1296 1112 de
1314 1046 1391 1130 Spi-

274 1145 340 1208 ritu
358 1141 495 1220 Sancto,
513 1143 604 1226 quod
622 1166 667 1206 ex
687 1154 830 1226 utroque
849 1144 1024 1226 procedat.

338 1237 389 1302 At
409 1237 608 1320 Symbolum
628 1237 903 1301 Athanasianum
926 1238 1031 1301 tradit
1050 1237 1093 1300 de
1112 1237 1223 1311 Patre,
1244 1235 1334 1300 Filio
1354 1243 1391 1299 et

275 1331 402 1416 Spiritu
412 1329 549 1407 Sancto,
563 1334 653 1414 quod
670 1334 738 1396 sint
752 1343 822 1396 tres
838 1351 1003 1414 personae
1016 1340 1219 1395 coaeternae
1238 1341 1275 1395 et
1291 1350 1390 1394 coae-

274 1427 402 1510 quales,
422 1437 458 1491 et
482 1427 572 1510 quod
600 1428 807 1510 unaquaevis
829 1426 962 1488 illarum
991 1428 1034 1490 sit
1067 1425 1179 1502 Deus;
1214 1436 1250 1488 et
1274 1435 1391 1488 tamen

275 1540 343 1584 non
359 1530 430 1585 tres
446 1521 501 1584 Dii
514 1521 573 1584 sed
591 1541 695 1598 unus;
720 1530 755 1584 et
772 1521 862 1602 quod
879 1521 1018 1582 tametsi
1035 1540 1080 1584 ex
1097 1518 1291 1584 Christiana
1303 1518 1390 1581 veri·

275 1625 349 1679 tate
378 1617 583 1697 unaquaevis
613 1635 759 1697 persona
781 1613 979 1696 singulatim
1002 1625 1055 1677 est
1083 1614 1187 1690 Deus,
1212 1634 1318 1696 usque
1345 1631 1392 1675 ex

275 1706 455 1772 Catholica
470 1708 633 1790 religione
654 1729 722 1772 non
741 1708 844 1772 liceat
862 1707 974 1772 dicere
990 1718 1060 1771 tres
1077 1707 1179 1771 Deos.

336 1885 367 1948 4
400 1867 502 1950 Quod
518 1891 562 1931 ex
582 1870 689 1932 tribus
712 1868 778 1931 illis
801 1867 966 1949 symbolis
989 1877 1109 1950 pateat
1133 1867 1223 1950 quod
1243 1867 1391 1931 traditae

484 1964 554 2027 sint
580 1963 679 2026 binae
702 1962 1013 2036 Trinitates-una
1037 1982 1123 2043 quae
1150 1962 1288 2024 exstitit
1310 1973 1391 2025 ante

486 2057 648 2120 mundum
665 2067 829 2132 creatum,
846 2055 957 2120 altera
974 2077 1059 2138 quae
1079 2065 1157 2137 post
1177 2055 1291 2132 illum;
1315 2055 1390 2118 Tri-

485 2151 575 2213 nitas
597 2160 680 2214 ante
703 2149 864 2212 mundum
889 2159 1052 2223 creatum,
1078 2150 1112 2210 in
1135 2147 1307 2230 Symbolis
1330 2148 1391 2212 Ni·

485 2263 593 2308 caeno
616 2255 651 2308 et
671 2243 932 2322 Athanasiano;
965 2253 1002 2306 at
1026 2242 1176 2306 Trinitas
1194 2253 1274 2325 post
1297 2241 1390 2305 illurn

485 2339 518 2400 in
532 2337 701 2420 Symbola
710 2337 934 2420 Apostolico:
956 2347 1206 2419 consequenter
1218 2337 1309 2420 quod
1323 2336 1390 2400 Ec·

485 2431 589 2496 clesia
607 2431 814 2514 Apostolica
832 2431 915 2494 nihil
936 2432 1072 2494 sciverit
1090 2431 1134 2494 de
1158 2430 1246 2494 Filio
1267 2431 1312 2496 ab
1333 2451 1391 2494 ae·

486 2535 596 2601 terno,
613 2527 674 2589 sed
691 2525 801 2589 solum
817 2525 860 2588 de
878 2525 965 2588 Filio
982 2535 1065 2588 nato
1083 2526 1118 2588 in
1135 2525 1272 2600 mundo,
1289 2535 1325 2589 et
1343 2526 1390 2589 sic

486 2621 577 2703 quod
600 2620 689 2684 hunc
709 2621 931 2694 invocaverit,
951 2629 986 2682 et
1007 2639 1076 2682 non
1095 2618 1210 2696 illum;
1238 2628 1274 2682 et
1292 2619 1391 2682 vicis·

486 2717 561 2790 sim,
581 2715 671 2797 quod
695 2713 853 2777 Ecclesia
877 2723 956 2796 post
979 2711 1180 2794 Symbolum
1204 2712 1390 2776 Nicaenum

486 2810 573 2874 sicut
600 2831 619 2873 e
646 2829 736 2872 novo
763 2809 963 2882 instaurata,
992 2807 1172 2888 agnoverit
1200 2805 1322 2870 Filium
1348 2807 1392 2870 ab

486 2915 628 2968 aeterno
641 2923 701 2986 pro
715 2903 801 2980 Deo,
814 2912 852 2966 at
869 2901 991 2965 Filium
1005 2910 1124 2964 natum
1137 2901 1170 2964 in
1183 2901 1312 2964 mundo
1323 2920 1391 2965 non

487 2999 545 3063 ita.

341 3121 368 3190 5.
400 3105 501 3190 Quod
517 3108 617 3170 binae
633 3105 712 3170 illae
726 3105 913 3170 Trinitates
930 3114 1066 3168 tantum
1082 3103 1171 3167 inter
1184 3124 1220 3166 se
1236 3101 1391 3167 differant

486 3203 573 3265 sicut
589 3221 731 3284 vespera
750 3210 784 3264 et
804 3221 914 3274 mane,
929 3201 1033 3262 immo
1052 3200 1138 3261 sicut
1158 3219 1229 3261 nox
1248 3209 1284 3262 et
1300 3199 1390 3274 dies;

487 3306 523 3360 et
536 3297 582 3358 sic
596 3296 686 3378 quod
700 3304 841 3377 utraque
854 3293 952 3356 simul
967 3313 1177 3374 nequaquam
1191 3293 1299 3375 possit
1310 3311 1391 3356 con·

487 3389 611 3452 firmari
627 3391 660 3452 in
677 3409 744 3452 uno
760 3389 898 3452 homine
912 3387 1089 3461 ecclesiae,
1103 3389 1180 3468 quia
1193 3386 1282 3469 apud
1297 3384 1391 3450 illum

487 3492 605 3566 pereat
639 3482 769 3564 religio,
804 3492 839 3545 et
872 3501 948 3544 curn
981 3481 1146 3562 religione
1179 3499 1263 3542 sana
1294 3481 1390 3543 ratio.

488 3577 600 3642 Causa
615 3587 667 3640 est
685 3573 802 3658 [¹¹quod
820 3597 864 3639 ex
878 3574 1049 3638 Trinitate
1063 3573 1093 3634 N
1097 3575 1214 3636 icaena
1230 3584 1266 3638 et
1278 3573 1391 3638 Atha·

488 3673 629 3734 nasiana
642 3690 709 3732 non
728 3671 834 3752 possit
848 3669 993 3750 cogitari
1010 3687 1094 3729 unus
1112 3667 1214 3740 Deus,
1229 3668 1289 3730 sed
1303 3668 1392 3751 quod

488 3765 596 3847 possit
615 3765 649 3827 in
668 3764 839 3827 Trinitate
859 3761 1085 3845 Apostolica;
1110 3771 1146 3824 et
1166 3761 1257 3842 quod
1276 3760 1309 3823 in
1329 3761 1392 3824 hac

488 3856 697 3940 ¹²¹cogitetur,
714 3859 792 3941 quia
811 3859 958 3922 daturin
980 3857 1128 3920 Domino
1145 3855 1225 3938 Jesu
1244 3855 1391 3930 Christo,

489 3954 577 4018 Filio
596 3953 661 4017 Dei
679 3963 763 4017 nato
781 3954 815 4015 in
834 3953 972 4015 mundo.

341 4139 371 4204 6.
403 4137 505 4220 Quod
524 4137 649 4202 Divina
667 4137 818 4201 Trinitas
836 4137 880 4199 sit
900 4137 933 4200 in
953 4135 1102 4200 Domino
1121 4133 1196 4198 Deo
1214 4131 1393 4198 Salvatore

278 4232 358 4316 Jesu
374 4233 522 4308 Christo,
540 4232 643 4295 docet
663 4231 760 4314 Ipse:
785 4231 867 4294 dicit
883 4233 973 4296 enim

452 4381 506 4430 uod
519 4379 599 4429 Pater
607 4389 634 4429 et
647 4378 709 4442 lpse
721 4393 803 4428 unum
814 4379 868 4428 sint
879 4377 953 4444 (Jok.
966 4391 991 4428 x.
1005 4377 1063 4439 30);

452 4446 506 4495 uod
519 4445 620 4508 ipsein
635 4444 721 4504 Patre,
733 4455 761 4494 et
774 4443 854 4494 Pater
863 4445 889 4493 in
904 4443 967 4506 Ipso
979 4445 1014 4494 sit
1025 4442 1100 4508 (Joh.
1113 4443 1165 4492 xiv.
1180 4453 1217 4500 ιο,
1232 4439 1288 4504 11);

452 4511 506 4560 uod
517 4511 609 4560 omnia
622 4509 709 4559 Patris
723 4511 777 4560 sint
790 4508 878 4572 Ipsius
891 4509 966 4574 (Joh.
979 4509 1013 4558 iii.
1027 4521 1073 4568 35:
1091 4509 1143 4558 xvi.
1153 4519 1181 4570 15
1202 4521 1209 4564 ;

427 4575 506 4640 Quod
518 4577 562 4639 qui
575 4577 648 4625 videt
658 4575 749 4638 Ipsum
763 4576 853 4624 videat
866 4573 973 4624 Patrem
988 4569 1075 4638 [lJoh.
1091 4573 1144 4622 xiv.
1173 4575 1182 4632 )
1205 4587 1211 4631 ;

427 4641 497 4692 Tum
509 4641 579 4706 quod
589 4642 633 4706 qui
647 4641 730 4690 credit
742 4641 769 4690 in
784 4639 874 4704 Ipsum
884 4639 975 4689 credat
988 4639 1015 4689 in
1029 4639 1135 4688 Patrem
1148 4587 1235 4704 (lJoh.
1247 4637 1292 4688 xii.
1303 4631 1376 4702 401:
