3322 5298
281 1019 703 1153 CORONIS
739 1045 874 1142 sau
907 1017 1394 1146 APPENDIX

818 1349 858 1390 Ab

373 1573 565 1680 Veram
593 1571 934 1682 Christianam
964 1571 1299 1710 Religionem.

340 2230 379 2280 ι.
408 2213 461 2278 De
477 2212 583 2278 tribus
602 2213 678 2289 illis,
696 2213 851 2275 nimirum
867 2211 910 2276 de
929 2209 1232 2276 Consummatione
1251 2207 1396 2287 Saeculi,

278 2323 320 2388 de
339 2321 504 2387 Adventu
528 2321 676 2396 Domini,
696 2321 806 2404 deque
829 2321 929 2385 Nova
951 2319 1119 2396 Ecclesia,
1139 2319 1172 2384 in
1195 2317 1317 2383 ultimo
1339 2338 1397 2382 ca·

277 2433 348 2516 pite
371 2432 480 2515 operis
508 2429 594 2495 Vera
614 2428 814 2496 Christiana
830 2429 962 2512 Relrgzb
980 2429 1175 2512 nuncupati,
1195 2439 1310 2493 actum
1333 2427 1396 2494 est

279 2539 379 2622 Quod
405 2539 616 2606 Continuatio
637 2539 680 2603 de
707 2539 773 2602 illis
795 2548 966 2622 sequatur,
990 2549 1044 2604 est
1070 2559 1173 2603 causa
1195 2539 1273 2622 quia
1296 2557 1399 2602 nemo

277 2647 441 2714 hactenus
468 2649 564 2712 novit
587 2647 667 2732 quid
694 2646 952 2712 Consummatio
979 2646 1123 2724 Saeculi,
1147 2667 1206 2711 cur
1230 2647 1398 2711 secundus

278 2757 461 2822 Adventus
480 2757 629 2834 Domini,
649 2765 686 2822 et
704 2757 795 2840 quod
819 2757 918 2820 Nova
937 2755 1095 2822 Ecclesia
1112 2765 1256 2820 ventura
1274 2756 1318 2819 sit
1329 2776 1338 2834 ;
1362 2765 1398 2820 et

277 2877 394 2933 tamen
410 2867 453 2932 de
469 2867 521 2932 his
537 2867 644 2932 tribus
659 2868 693 2930 in
710 2865 838 2942 Verbo,
855 2877 927 2930 tam
944 2867 1148 2950 Prophetico
1164 2885 1265 2950 quam
1281 2865 1397 2948 Apos-

277 2977 393 3054 tolico,
411 2987 447 3041 et
465 2976 566 3060 plene
584 2977 618 3041 in
634 2975 849 3058 Apocalypsi,
866 2977 987 3058 agitur.
1033 2974 1134 3058 Quod
1151 2976 1193 3040 de
1209 2975 1275 3038 illis
1291 2975 1399 3039 tribus

277 3085 311 3150 in
338 3085 456 3151 Verbo
486 3085 691 3170 Prophetico
717 3085 855 3150 Veteris
881 3085 1098 3150 Testamenti
1127 3093 1259 3168 agatur..
1279 3084 1399 3167 'patuit

279 3195 360 3260 mihi
386 3195 466 3259 dum
489 3195 608 3260 datum
631 3205 685 3260 est
715 3195 798 3260 illud
827 3215 887 3279 per
910 3214 1046 3259 sensum
1076 3193 1285 3278 spiritualem
1315 3214 1398 3258 enu-

277 3301 408 3384 cleare;
432 3304 586 3368 similiter
598 3305 687 3388 quod
701 3305 734 3368 in
748 3304 952 3388 Prophetico
965 3303 1053 3368 Novi
1066 3303 1293 3378 Testamenti,
1307 3302 1399 3386 quod

277 3421 419 3476 vocatur
436 3411 685 3494 Apocalypsis:
707 3413 797 3496 quod
816 3413 921 3476 etiam
939 3413 973 3476 in
992 3411 1110 3476 Verbo
1129 3411 1341 3494 Evangelico
1362 3421 1399 3477 et

277 3520 495 3604 Apostolico,
509 3543 554 3586 ex
570 3523 789 3606 sequentibus
802 3523 944 3605 patebit.
981 3521 1066 3585 Inde
1078 3523 1296 3605 consequitur
1307 3523 1398 3606 quod

277 3631 405 3715 absque
423 3632 620 3714 cognitione
640 3631 682 3696 de
698 3631 1003 3696 Consummatione
1021 3629 1165 3706 Saeculi,
1186 3631 1229 3694 de
1248 3633 1399 3698 secundo

277 3737 444 3805 Adventu
462 3741 611 3816 Domini,
629 3751 665 3806 et
688 3741 731 3806 de
754 3741 855 3805 Nova
873 3740 1041 3816 Ecclesia,
1059 3739 1212 3805 Verbum
1236 3742 1280 3805 sit
1303 3743 1398 3824 quasi

277 3849 471 3916 occlusum:
506 3871 569 3915 nec
595 3849 687 3914 aliud
713 3870 814 3936 quam
841 3850 1066 3933 cognitiones·
1086 3848 1168 3914 illud
1198 3849 1397 3929 recludunt;

277 3959 342 4025 hae
358 3969 437 4024 sunt
453 3959 540 4024 sicut
556 3959 682 4037 claves,
699 3959 755 4042 qui
770 3958 907 4041 januam
923 3959 1078 4042 aperiunt
1094 3977 1134 4021 ac
1153 3959 1398 4022 intromittunt.

278 4068 426 4153 Quando
448 4069 513 4133 hoc
537 4067 575 4132 fit
599 4087 676 4132 cum
699 4067 827 4144 Verbo,
852 4077 933 4133 tunc
958 4069 992 4131 in
1016 4063 1236 4149 conspeetum
1258 4066 1399 4132 venient

277 4177 427 4242 thesauri
442 4178 498 4260 qui
516 4176 596 4241 inibi
612 4177 700 4241 sicut
718 4177 751 4240 in
767 4175 871 4239 fundo
887 4177 988 4240 maris
1003 4177 1067 4239 huc
1085 4195 1189 4258 usque
1206 4174 1398 4256 latuerunt;

276 4285 426 4351 funditus
442 4289 532 4350 enim
548 4287 582 4350 in
594 4283 712 4350 Verbo
728 4305 796 4349 non
813 4295 892 4350 sunt
906 4287 967 4348 nisi
983 4305 1085 4368 quam
1102 4285 1319 4348 thesauraria.
1358 4285 1398 4350 In

276 4395 308 4460 A
308 4395 468 4478 ppendicc
479 4415 538 4459 seu
553 4393 803 4460 continuatione
817 4395 891 4470 hac,
906 4413 1143 4477 progressurus
1159 4412 1232 4456 sum
1246 4391 1400 4458 similiter

277 4513 314 4570 ut
344 4504 377 4568 in
407 4504 481 4588 ipso
511 4524 623 4587 opere,
652 4524 711 4586 per
739 4503 925 4587 praemissa
955 4501 1155 4578 Summaria,
1183 4523 1269 4586 quae
1299 4511 1400 4568 erunt

277 4613 510 4680 confirmanda
527 4635 573 4679 ex
592 4611 766 4698 Scriptura
783 4621 819 4678 et
837 4611 1040 4677 illustranda
1058 4633 1104 4677 ex
1122 4612 1264 4676 ratione.
