3322 5298
568 629 618 678 DE
641 626 777 679 DIVINA
800 630 1019 680 TRINITATE.

608 943 768 1010 CAPUT
797 943 982 1011 NONUM.

239 1171 351 1255 Quor)
369 1187 463 1238 moa
481 1188 539 1238 s1n
558 1189 648 1240 nun
667 1177 879 1242 Armeno
897 1193 946 1242 aa
964 1193 1054 1244 nnn
1071 1179 1292 1245 Dasoannro
1307 1194 1348 1244 nt

363 1268 551 1333 Eccaasm
584 1269 835 1348 cnmsnnm,
866 1285 967 1350 Quas
1000 1287 1025 1337 n
1058 1273 1216 1338 Donnro
1249 1288 1348 1339 naun

363 1362 395 1426 E
402 1381 641 1430 vaucaarsras
669 1379 718 1429 aa
747 1381 847 1432 APUD
879 1367 1083 1434 Damarata
1108 1381 1348 1432 ennamc'rna

363 1469 471 1522 sunt.

305 1653 330 1701 ι.
362 1637 462 1722 Quod
485 1639 661 1717 Dominus,
679 1643 735 1706 ubi
757 1642 800 1706 de
823 1641 1125 1708 Consummatione
1148 1641 1292 1718 SaecuIi,
1312 1653 1348 1707 et

447 1735 490 1798 de
505 1756 566 1799 suo
582 1737 757 1812 Adventu,
771 1737 836 1802 hoc
852 1747 916 1813 est,
930 1739 973 1802 de
987 1738 1053 1802 fine
1069 1739 1234 1802 ecclesiae
1250 1739 1347 1801 hodi·

446 1849 548 1892 ernae
567 1841 602 1894 et
621 1831 663 1894 de
682 1832 845 1913 principio
864 1831 1029 1896 ecclesiae
1048 1851 1167 1908 novae,
1184 1853 1261 1896 cum
1279 1833 1347 1896 dis·
1429 1901 1430 1904 ,

447 1923 566 2005 cipulis
585 1923 743 2006 loquitur,
763 1925 971 2006 praedixerit
990 1925 1086 2001 haec,

482 2058 497 2080 '⁴
506 2055 563 2106 Erit
575 2065 638 2106 tuuc
652 2055 759 2107 afflictio
772 2073 878 2120 magna,
907 2059 976 2108 uelis
988 2073 1042 2108 non
1055 2059 1105 2109 luit
1119 2059 1153 2108 ab
1168 2060 1244 2110 initio
1255 2061 1348 2110 mundi

505 2127 507 2132 '
562 2137 646 2186 usque
658 2138 737 2182 nuuc,
750 2137 799 2173 uec
811 2122 883 2173 erit”
891 2073 1004 2186 tiMattlr.
1015 2125 1086 2174 xxiv,
1099 2127 1157 2186 21),

448 2243 520 2299 tum
537 2237 627 2319 quod
642 2236 754 2300 sutura
769 2238 813 2301 sit

483 2351 678 2402 “Abominatio
695 2353 869 2403 desolationis
886 2351 1022 2417 praedicta
1041 2369 1059 2404 a
1079 2353 1191 2404 Daniele
1211 2355 1348 2418 propheta

566 2417 682 2468 ...Nam
696 2428 758 2480 post
771 2417 942 2468 afflictionem
957 2420 1060 2468 dierum
1075 2420 1182 2468 illorum
1198 2420 1239 2470 sol
1256 2421 1349 2469 obscu-

562 2485 670 2542 rabitur,
683 2492 710 2532 et
724 2484 788 2532 luna
801 2498 856 2532 non
871 2484 944 2533 dabit
958 2485 1048 2533 lumen
1062 2499 1148 2544 suum,
1160 2495 1199 2534 et.
1209 2521 1215 2534 .
1225 2485 1349 2535 simules

563 2549 697 2597 caelorum
709 2548 971 2598 commovebuntur”
983 2548 1090 2610 (Matri.
1102 2549 1173 2599 xxiv.
1187 2562 1225 2610 15,
1238 2551 1287 2612 29).

302 2693 331 2742 2.
359 2675 460 2760 Quod
477 2677 557 2742 talis
575 2675 712 2743 afflictio
730 2688 766 2743 et
782 2679 950 2743 desolatio
969 2679 1062 2743 sitin
1082 2677 1237 2754 ecclesia,
1255 2699 1348 2762 pror-

240 2793 295 2836 sus
325 2793 393 2836 non
415 2773 519 2836 scitur
541 2783 577 2836 et
599 2774 733 2838 videtur
755 2775 788 2837 in
815 2773 953 2848 mundo,
978 2775 1137 2856 quoniam
1167 2774 1274 2837 ubivis
1304 2775 1348 2836 ibi

239 2867 361 2931 dicitur
373 2867 463 2950 quod
479 2868 546 2930 sint
562 2868 596 2930 in
612 2867 686 2949 ipsa
701 2867 776 2930 luce
790 2867 989 2949 Evangelii;
1008 2868 1095 2931 adeo
1111 2877 1148 2932 ut
1164 2868 1192 2930 si
1208 2867 1349 2948 angelus

240 2961 453 3024 descenderit
465 2981 484 3024 e
497 2960 604 3036 caelo,
616 2971 651 3025 et
664 2961 753 3024 aliud
767 2961 916 3036 doceret,
928 2981 997 3024 non
1010 2961 1212 3024 crederetur.
1248 2959 1349 3041 Quod

240 3054 288 3117 ita
303 3055 394 3118 dicat
412 3052 569 3118 Ecclesia
587 3053 956 3129 Romano-Catholica,
970 3055 1019 3117 ita
1034 3053 1191 3117 Ecclesia
1207 3053 1347 3127 Graeca,

240 3149 288 3211 ita
311 3149 515 3230 unaquaevis
537 3147 681 3211 ecclesia
704 3169 749 3211 ex
772 3149 878 3212 tribus
901 3147 1107 3212 Reformatis
1130 3168 1215 3230 quae
1238 3169 1259 3210 a
1281 3147 1349 3210 Lu·

241 3241 349 3316 thero,
370 3239 623 3316 Melantthone,
643 3252 679 3305 et
698 3241 851 3316 Calvino,
869 3242 1103 3322 antesignanis
1125 3241 1349 3304 denominan-

241 3345 305 3412 tur,
322 3335 474 3400 similiter
494 3336 698 3418 unaquaevis
717 3335 901 3410 haeretica,
919 3355 1004 3417 quae
1023 3334 1216 3416 multiplex.

304 3446 333 3510 3.
363 3428 430 3494 Sed
449 3429 539 3512 quod
558 3427 731 3511 praedicta
749 3429 808 3493 illa
826 3425 974 3503 afflictio,
991 3437 1027 3492 et
1046 3428 1104 3491 illa
1120 3428 1299 3504 desolatio,
1317 3429 1348 3490 in

242 3523 332 3588 clara
347 3521 422 3586 luce
441 3524 632 3606 apparuerit
650 3524 684 3586 in
704 3523 830 3586 mundo
846 3521 1043 3605 spirituali*
1054 3523 1214 3605 quoniam
1231 3542 1349 3584 omnes

241 3619 394 3682 homines
417 3619 450 3680 in
473 3617 567 3680 illum
591 3618 753 3680 mundum
776 3625 855 3698 post
879 3625 1025 3679 mortem
1048 3617 1199 3691 veniunt,
1220 3624 1255 3678 et
1278 3633 1350 3678 ma·

242 3723 324 3778 nent
347 3713 379 3776 in
403 3712 566 3794 religione
588 3713 622 3774 in
645 3731 711 3793 qua
732 3709 865 3774 suerunt
888 3711 922 3772 in
945 3711 1072 3772 mundo
1095 3707 1260 3786 naturali;
1291 3709 1351 3772 lux

242 3809 331 3871 enim
349 3807 394 3870 ibi
413 3816 466 3870 est
485 3805 668 3888 spiritualis
687 3825 773 3887 quae
792 3805 927 3886 detegit
946 3805 1069 3866 omnia¹

303 3919 333 3980 4
365 3901 454 3964 Dum
473 3901 518 3964 ibi
537 3901 790 3981 interrogantur
805 3899 918 3962 clerici
937 3898 980 3961 de
1000 3897 1086 3972 Deo,
1106 3896 1149 3961 de
1167 3895 1244 3972 fide,
1257 3905 1292 3960 et
1309 3897 1351 3960 de

242 3995 420 4068 charitate,
435 4015 520 4076 quae
539 4003 617 4057 sunt
637 3995 702 4056 tria
718 3992 914 4056 essentialia
932 3991 1097 4055 ecclesiae
1116 4001 1151 4054 et
1166 3991 1245 4053 inde
1261 3989 1350 4052 salu·

242 4091 297 4163 tis,
313 4090 372 4152 vix
391 4087 489 4152 aliter
511 4087 718 4170 respondent
741 4105 841 4169 quam
861 4087 947 4150 sicut
970 4086 1063 4149 caeci
1086 4085 1120 4147 in
1142 4083 1257 4146 foveis.
1298 4082 1350 4146 De

203 4207 207 4216 ·
242 4183 318 4248 Deo
335 4183 554 4266 respondent,
571 4182 661 4264 quod
680 4183 725 4245 sit
743 4201 839 4258 unus,
856 4191 892 4244 et
911 4181 1000 4263 quod
1020 4181 1088 4243 sint
1108 4187 1178 4242 tres
1196 4178 1252 4260 qui
1268 4197 1350 4239 una-

242 4279 370 4342 nimes:
397 4285 432 4340 et
451 4295 528 4339 cum
547 4277 665 4340 dicunt
683 4275 774 4358 quod
796 4285 867 4338 tres
885 4275 953 4338 sint
972 4292 1068 4349 unus,
1087 4271 1268 4336 mandatur
1286 4270 1351 4333 illis

286 4493 302 4530 ⁴¹
320 4495 412 4556 [Nora
427 4502 446 4540 ι
461 4491 678 4552 unctum-Et
687 4492 745 4539 mlhl
756 4505 821 4540 uuae
830 4491 964 4551 appamia
973 4490 1163 4551 splendidlssima
1174 4489 1235 4546 luce,
1246 4489 1271 4535 in
1287 4487 1351 4535 Lon·

242 4561 300 4610 diuo
310 4562 395 4610 mundi
405 4561 525 4608 nsmrelis.
