3338 5300
351 639 391 720 38
822 651 994 703 conoms.

350 820 452 884 clesia
463 821 496 884 in
507 821 624 885 Verbo
636 820 811 885 multoties
821 820 1019 884 describitur
1029 817 1286 902 per“hortum,'’
1297 817 1464 901 “agrum'’

349 926 385 980 et
413 916 528 980 “ovile
541 916 566 994 ;”
601 936 660 999 per
685 915 873 979 “hortum''
897 936 941 979 ex
966 916 1149 989 arboribus,
1175 924 1212 978 ut
1238 912 1464 996 supradidtum

349 1019 422 1088 est;
446 1030 505 1092 per
518 1010 687 1092 “agrum’'
703 1031 747 1074 ex
765 1019 931 1092 proventu
948 1009 1027 1089 ejus,
1041 1029 1085 1072 ex
1099 1029 1166 1091 quo
1181 1009 1285 1072 homo
1301 1009 1465 1086 nutritur;

349 1125 409 1186 per
425 1109 444 1136 ‘⁴
456 1103 544 1168 ovile
554 1105 569 1129 ”
584 1125 628 1168 ex
646 1106 773 1180 ovibus,
791 1124 849 1186 per
865 1124 947 1185 quas
966 1103 1082 1166 fideles
1098 1123 1137 1166 ac
1155 1103 1254 1166 utiles
1269 1103 1464 1184 intelligun-

349 1210 413 1262 tur.

413 1289 482 1355 28.
513 1289 552 1352 ln
575 1291 648 1373 ipso
671 1311 772 1373 opere
799 1291 886 1355 Vera
910 1291 1110 1356 Christiana
1129 1291 1260 1373 Religio
1282 1291 1466 1366 nominato,

350 1395 525 1448 ostensum
539 1397 590 1449 est
603 1389 694 1468 quod
711 1389 744 1449 in
761 1388 861 1451 horto
875 1387 1002 1450 Edenis
1015 1388 1147 1470 positae
1161 1385 1258 1470 [sint]
1272 1386 1358 1450 duae
1371 1386 1467 1449 arbo·

349 1501 412 1554 res,
428 1500 495 1543 una
507 1485 527 1512 ⁴⁴
537 1481 655 1555 vitae,”
667 1491 702 1545 et
716 1481 823 1545 altera
837 1483 1027 1546 “scientiae
1041 1482 1121 1545 boni
1134 1491 1169 1545 et
1182 1479 1290 1556 mali,”
1302 1478 1468 1562 significet

349 1576 438 1656 quod
466 1575 593 1640 homini
616 1577 755 1640 liberum
779 1577 952 1639 arbitrium
977 1575 1010 1638 in
1033 1574 1259 1656 spiritualibus
1282 1575 1399 1638 datum
1422 1576 1464 1638 sit

351 1668 398 1749 (n.
413 1669 596 1753 466-469):
627 1671 746 1752 quibus
768 1669 966 1750 adjicientur
988 1667 1084 1744 haec,
1104 1669 1194 1751 quod
1217 1669 1321 1733 homo
1339 1670 1464 1752 absque

348 1761 407 1826 illo
427 1763 531 1827 libero
549 1763 687 1827 arbitrio
706 1783 773 1827 non
789 1763 875 1826 soret
898 1763 1011 1836 homo,
1032 1763 1091 1825 sed
1115 1763 1217 1826 modo
1239 1773 1340 1845 typus
1363 1773 1398 1827 et
1421 1765 1464 1826 si·

349 1857 553 1936 mulacrum;
577 1858 663 1922 foret
682 1860 771 1921 enim
791 1858 956 1938 cogitatio
974 1856 1044 1938 ejus
1062 1857 1188 1940 absque
1207 1857 1401 1933 reflexione,
1418 1858 1465 1922 ita

348 1952 475 2034 absque
487 1951 631 2033 judicio;
655 1961 691 2015 et
707 1953 753 2015 sic
770 1953 804 2014 in
819 1952 917 2014 rebus
935 1951 1075 2026 Divinis
1089 1972 1175 2034 quae
1188 1950 1363 2014 Ecclesiae
1374 1961 1463 2027 sunt,

349 2065 417 2108 non
444 2046 518 2128 plus
544 2045 712 2109 versatilis
739 2065 838 2128 quam
866 2055 918 2110 est
942 2043 1043 2127 janua
1068 2045 1194 2127 absque
1220 2046 1384 2121 cardinem
1406 2055 1464 2110 aut

348 2160 424 2203 cum
441 2141 576 2204 cardine
592 2141 688 2203 obice
703 2139 882 2220 chalybeio
903 2137 1131 2221 praestrudta3
1155 2159 1194 2202 ac
1210 2140 1369 2203 voluntas
1387 2141 1463 2203 abs·

348 2255 413 2318 que
434 2235 726 2309 determinatione,
746 2235 794 2297 ita
817 2254 885 2298 non
908 2234 982 2317 plus
1004 2231 1114 2296 adtiva
1136 2235 1179 2296 ad
1198 2232 1325 2315 justum
1344 2234 1398 2297 vel
1421 2235 1463 2298 ad

348 2329 506 2410 injustum
525 2348 626 2411 quam
649 2347 770 2391 saxum
789 2349 889 2410 super
912 2328 1043 2392 tumulo
1061 2329 1123 2390 sub
1145 2348 1211 2410 quo
1231 2325 1322 2409 jacet
1345 2348 1464 2411 corpus

347 2423 503 2486 inanime.
549 2421 649 2504 Quod
662 2423 732 2484 vita
747 2422 893 2484 hominis
909 2431 986 2504 post
1003 2431 1158 2495 mortem,
1172 2442 1211 2484 ac
1228 2423 1464 2487 immortalitas

348 2519 480 2580 animae
492 2514 571 2596 ejus,
586 2518 628 2578 sit
641 2537 684 2579 ex
698 2515 789 2578 dono
803 2515 896 2579 liberi
912 2517 1006 2579 istius
1018 2515 1155 2590 arbitrii,
1169 2527 1203 2579 et
1217 2517 1306 2598 quod
1320 2521 1340 2548 ‘⁸
1349 2516 1462 2580 simili·

349 2612 432 2674 tudo
453 2609 538 2672 Dei'’
554 2611 597 2672 sit
613 2609 705 2684 illud,
722 2610 755 2672 in
774 2611 847 2692 ipso
866 2631 977 2692 opere,
995 2619 1032 2672 ut
1050 2619 1085 2673 et
1104 2629 1213 2691 supra,
1231 2609 1463 2682 confirmatum

348 2715 410 2769 est.
456 2705 566 2766 Immo
593 2703 706 2778 homo,
731 2703 796 2766 hoc
824 2713 888 2778 est,
913 2723 1009 2766 mens
1035 2703 1115 2784 ejus,
1141 2705 1267 2786 absque
1293 2704 1352 2769 illo
1377 2705 1462 2770 foret

348 2801 434 2862 sicut
457 2798 610 2880 spongia,
635 2817 720 2879 quae
743 2817 864 2879 aquam
888 2796 982 2879 large
1005 2797 1146 2873 imbibit,
1171 2799 1230 2861 sed
1257 2817 1325 2861 non
1349 2809 1462 2880 potest

348 2894 440 2956 illam
460 2911 641 2968 evacuare;
670 2891 758 2953 unde
777 2902 918 2973 utraque
936 2891 1117 2966 obsoleret,
1137 2911 1224 2973 aqua
1244 2893 1277 2954 in
1296 2902 1461 2974 putorem,

349 2997 384 3050 et
408 2986 550 3068 spongia
573 2986 607 3047 in
630 3005 773 3047 mucum.
819 2985 961 3048 Proinde
984 2983 1140 3048 Ecclesia
1162 2985 1251 3068 apud
1278 2986 1371 3048 illurn
1395 3006 1462 3050 non

348 3081 433 3144 foret
461 3079 634 3157 Ecclesia;
669 3088 704 3142 et
731 3079 777 3142 sic
804 3078 980 3161 templum,
1004 3080 1038 3141 in
1065 3099 1130 3161 quo
1157 3079 1328 3161 peragitur
1353 3080 1462 3144 cultus

349 3175 423 3249 Dei,
440 3173 526 3236 foret
542 3174 627 3236 sicut
644 3172 785 3236 lustrum
802 3173 974 3253 cujusdam
990 3173 1079 3236 serae
1097 3174 1159 3236 sub
1174 3175 1286 3236 radice
1302 3194 1461 3256 procerae

349 3269 486 3342 arboris,
507 3287 594 3348 quae
612 3267 722 3329 vibrat
745 3287 781 3329 se
804 3287 903 3348 super
925 3277 1025 3348 caput
1049 3266 1128 3348 ejus,
1148 3277 1282 3348 praeter
1303 3269 1393 3350 quod
1417 3289 1459 3332 ex

349 3361 407 3426 illa
436 3361 542 3444 possit
569 3379 700 3423 sumere
724 3361 912 3443 quicquam,
940 3371 975 3423 et
1005 3360 1174 3443 applicare
1201 3361 1262 3424 sibi
1292 3361 1335 3424 ad
1361 3361 1460 3426 alium

349 3475 444 3519 usum
463 3473 563 3536 quam
583 3463 619 3518 ut
638 3455 700 3517 sub
717 3453 775 3517 illa
794 3455 827 3516 in
846 3453 1027 3536 tranquillo
1046 3455 1156 3517 cubet.
1182 3443 1341 3537 'Insuper
1359 3455 1461 3520 bomo

349 3550 476 3632 absque
495 3548 601 3612 libero
619 3549 758 3612 arbitrio
782 3549 814 3610 in
837 3547 1065 3630 spiritualibus
1084 3549 1169 3612 soret
1193 3548 1267 3630 plus
1286 3569 1405 3614 caecus
1427 3553 1460 3614 in

349 3643 504 3708 omnibus
521 3653 555 3706 et
569 3642 707 3724 singulis
724 3641 897 3706 Ecclesiae
913 3662 1013 3725 quam
1030 3644 1101 3706 avis
1117 3639 1225 3706 noctis
1238 3643 1271 3705 in
1287 3641 1361 3708 luce
1377 3645 1460 3722 diei;

348 3749 384 3802 at
407 3737 482 3820 plus
504 3737 622 3800 videns
645 3757 745 3819 quam
768 3736 826 3798 illa
848 3737 920 3798 avis
942 3745 1006 3812 est,
1026 3737 1059 3798 in
1083 3737 1231 3800 tenebris
1253 3733 1381 3800 noctis:
1418 3741 1459 3802 ad

348 3853 428 3896 vera
446 3831 535 3894 enim
554 3830 630 3894 fidei
648 3829 815 3912 palpebris
834 3828 1028 3894 occluderet
1044 3829 1170 3904 oculos,
1187 3850 1226 3894 ac
1246 3833 1460 3898 contraheret

347 3927 454 3988 visum
477 3923 630 4004 illorum;
662 3934 698 3987 at
724 3945 805 3987 vero
831 3924 874 3986 ad
900 3923 983 3986 salsa
1006 3922 1082 3986 fidei
1108 3923 1245 3988 tolleret
1272 3925 1458 4007 palpebras,

347 4021 491 4102 aperiret
507 4019 633 4093 oculos,
647 4027 682 4082 et
697 4018 854 4081 dilataret
868 4019 973 4081 visum
990 4017 1121 4081 illorum
1138 4020 1223 4082 sicut
1239 4019 1359 4101 aquila.
1404 4019 1458 4083 Li-

346 4115 463 4176 berum
482 4113 654 4176 arbitrium
673 4113 707 4174 in
726 4111 953 4194 spiritualibus
972 4113 1050 4174 inde
1068 4123 1132 4187 est,
1153 4107 1242 4194 quod
1265 4113 1369 4176 homo
1387 4133 1457 4178 am·

346 4207 441 4271 bulet
459 4216 494 4270 et
512 4207 617 4269 vitam
636 4205 748 4269 trahat
771 4207 804 4268 in
828 4207 940 4269 medio
961 4207 1049 4270 inter
1067 4205 1198 4270 caelum
1220 4215 1255 4270 et
1278 4206 1459 4286 insernum;

347 4311 382 4365 et
409 4300 499 4383 quod
529 4299 658 4363 caelum
688 4301 722 4362 in
752 4299 845 4362 illurn
872 4309 1029 4382 operetur
1054 4319 1075 4362 a
1101 4299 1270 4382 superiori,
1297 4299 1458 4365 infernum

347 4404 461 4458 autem
480 4393 522 4457 ab
540 4393 703 4471 inferiori;
732 4403 767 4457 et
790 4393 880 4476 quod
904 4395 999 4476 optio
1016 4394 1244 4458 conversionis
1262 4393 1317 4458 vel
1339 4394 1383 4458 ad
1404 4415 1458 4459 su-

346 4489 477 4571 periora
494 4487 549 4551 vel
572 4487 615 4551 ad
637 4487 791 4551 inferiora
809 4487 935 4552 homini
953 4487 1035 4552 data
1052 4487 1107 4564 sit,
1127 4488 1176 4552 ita
1198 4486 1252 4552 vel
1274 4489 1318 4552 ad
1341 4487 1457 4554 Domi·

346 4601 425 4645 num
444 4581 498 4646 vel
517 4581 560 4646 ad
579 4580 768 4645 Diabolum.
