3338 5300
339 667 545 721 ECCLESIAE
560 669 856 734 ANTIQUISSIMAE
872 667 1190 719 PROGRESSIO.-N.
1208 668 1257 735 27.
1317 667 1355 734 37

238 840 329 904 enim
358 839 513 904 similiter
541 859 580 904 ac
611 839 715 902 homo
744 840 931 921 concipitur
960 860 1005 902 ex
1036 839 1174 912 semine,
1205 837 1357 901 similiter

239 934 432 998 excluditur
461 955 506 998 ex
534 944 631 998 utero
650 945 760 998 terrae
786 935 872 998 sicut
899 934 1004 998 homo
1033 954 1078 997 ex
1108 943 1206 996 utero
1228 933 1355 1007 matris,

239 1029 391 1092 similiter
410 1030 578 1092 excrescit
601 1029 634 1092 in
653 1027 771 1103 altum,
792 1038 826 1092 et
846 1049 882 1092 se
901 1037 1068 1111 propagat
1087 1028 1121 1090 in
1139 1047 1252 1090 ramos
1271 1027 1357 1090 sicut

239 1123 272 1186 in
296 1123 456 1197 membra,
480 1123 635 1187 similiter
657 1143 694 1185 se
720 1124 859 1186 investit
882 1123 968 1186 foliis
990 1132 1026 1186 et
1053 1131 1199 1186 exornat
1222 1121 1357 1184 floribus

240 1217 324 1279 sicut
351 1216 456 1279 homo
482 1218 570 1280 veris
597 1216 807 1280 naturalibus
834 1225 869 1279 et
897 1215 1135 1298 spiritualibus,
1163 1225 1198 1278 et
1225 1235 1357 1298 quoque

239 1309 392 1374 similiter
409 1311 565 1392 producit
583 1309 708 1376 fructus
727 1313 814 1374 sicut
833 1311 938 1374 homo
957 1311 1047 1374 bona
1066 1329 1155 1373 usus.
1200 1309 1284 1374 Inde
1303 1319 1357 1374 est

239 1405 330 1486 quod
353 1405 457 1468 homo
480 1407 584 1469 toties
606 1406 640 1469 in
659 1405 779 1468 Verbo
802 1404 1007 1468 assimiletur
1026 1409 1046 1436 “
1059 1403 1199 1479 arbori,''
1219 1413 1254 1468 et
1277 1405 1356 1467 inde

239 1498 395 1562 Ecclesia
414 1499 573 1575 “horto”
593 1509 629 1564 ut
648 1499 682 1562 in
701 1499 922 1582 sequentibus
941 1498 993 1561 his
1012 1497 1118 1562 locis:

289 1645 376 1696 Ponet
392 1645 514 1710 Jehovah
534 1647 693 1696 “desertum
711 1645 769 1709 ejus
787 1647 856 1696 sicut
874 1645 958 1705 Eden,
977 1655 1005 1695 et
1022 1646 1193 1695 solitudinem
1212 1645 1271 1709 ejus
1289 1647 1358 1698 sicut

269 1745 272 1750 ι
369 1712 476 1761 hortum
488 1711 607 1776 Jehovae
615 1711 629 1732 ”
639 1713 724 1771 (Esai.
736 1712 763 1762 li.
775 1711 818 1774 3);

239 1857 282 1919 de
301 1855 417 1931 Zione,
436 1876 496 1938 per
513 1875 614 1938 quam
633 1853 841 1937 significatur
863 1823 1029 1930 Ecclesia,
1049 1855 1082 1917 in
1105 1875 1171 1938 qua
1190 1855 1283 1918 Deus
1306 1875 1357 1920 se·

239 1951 387 2014 cundum
410 1949 563 2014 Verbum
583 1949 714 2013 colitur.

290 2093 349 2144 Eris
364 2094 456 2143 “sicut
473 2094 565 2143 hortus
583 2094 706 2156 irriguus,
721 2102 748 2144 et
765 2093 833 2143 sicut
850 2095 937 2144 exitus
955 2108 1092 2158 aquarum,
1106 2093 1182 2157 cujus
1194 2109 1250 2143 non
1263 2095 1357 2144 menti·

369 2168 447 2208 entur
458 2158 565 2222 aquae''
578 2159 661 2220 (Esai.
672 2159 737 2212 lviii.
751 2171 779 2208 11
791 2173 797 2219 ;
817 2160 912 2224 Jerem.
926 2159 998 2209 xxxi.
1012 2159 1067 2222 12);

239 2288 283 2351 ibi
303 2289 408 2352 etiam
427 2289 469 2351 de
489 2287 653 2352 Ecclesia.

291 2431 359 2480 “Tu
377 2431 472 2494 plenus
484 2430 624 2492 sapientia,
638 2439 665 2480 et
682 2429 817 2493 periedlus
829 2431 1042 2494 pulchritudine;
1059 2431 1087 2480 in
1101 2430 1185 2490 Eden,
1199 2430 1278 2480 horto
1295 2429 1355 2490 Dei,

370 2495 459 2556 luisti;
477 2497 566 2545 omnis
578 2497 646 2559 lapis
656 2497 789 2558 pretiosus
799 2505 983 2560 tegumentum
992 2507 1067 2546 tuum
1076 2495 1090 2516 ”
1100 2496 1202 2558 (Erech.
1213 2497 1304 2546 xxviii.
1317 2509 1355 2556 ιτ,

372 2561 431 2622 ult

240 2690 282 2754 de
305 2689 409 2771 Tyr0,
434 2709 615 2772 perquam
642 2688 850 2772 significatur
874 2689 1029 2754 Ecclesia
1051 2689 1162 2773 quoad
1189 2691 1356 2772 cognitio·

239 2805 299 2848 nes
318 2785 387 2848 veri
406 2794 441 2848 et
460 2784 549 2847 boni.

290 2921 307 2943 '¹
317 2919 404 2984 Quam
424 2921 535 2970 bona..
549 2919 738 2970 ..habitacula
757 2927 812 2978 tua,
834 2919 934 2980 lsrael;
958 2920 1026 2970 sicut
1043 2919 1128 2969 valles
1148 2919 1311 2983 plantantur,
1330 2929 1357 2969 et

369 2985 436 3034 sicut
448 2985 518 3034 horti
530 2984 606 3048 juxta
617 2985 726 3034 fluvium
734 2983 749 3005 '’
761 2983 856 3047 (Num.
867 2985 939 3035 xxiv.
950 2997 973 3046 5,
985 2986 1026 3047 6);

239 3145 298 3208 per
321 3126 512 3190 “lsraelem
521 3126 536 3152 ”
559 3127 766 3209 significatur
791 3127 948 3191 Ecclesia
974 3127 1165 3210 spiritualis,
1189 3147 1249 3210 per
1272 3127 1356 3210 “Ja-

239 3220 383 3283 cobum”
401 3230 516 3284 autem
536 3221 691 3285 Ecclesia
709 3221 871 3286 naturalis
889 3223 923 3285 in
942 3242 1008 3304 qua
1026 3222 1215 3304 spiritualis.

290 3365 413 3416 “Omnis
430 3367 511 3416 arbor
528 3367 555 3416 in
574 3367 654 3416 horto
675 3367 725 3416 Dei
744 3381 799 3416 non
819 3381 867 3430 par
883 3367 934 3416 luit
951 3367 989 3416 illi
1006 3367 1034 3416 in
1054 3367 1248 3430 pulchritudine
1269 3363 1356 3432 [ejus;

369 3428 508 3494 pulchram
525 3433 576 3482 leci
594 3447 653 3482 eam
671 3447 719 3496 per
736 3433 933 3482 multitudinem
952 3447 1087 3482 ramorum
1105 3429 1185 3497 ejus],
1200 3429 1254 3482 utl¹l
1267 3447 1357 3482 aemu-

369 3499 439 3550 latae
452 3495 532 3548 sintl¹l
544 3499 583 3548 illi
595 3513 690 3548 omnes
703 3500 813 3549 arbores
832 3498 932 3548 Edenis
950 3498 977 3547 ln
990 3499 1069 3548 horto
1084 3497 1135 3547 Dei
1144 3497 1157 3518 ''
1170 3499 1271 3561 (Erech.
1282 3498 1354 3548 xxxi.

370 3562 407 3630 ³[r
419 3561 474 3629 9]);

239 3694 281 3758 de
309 3693 476 3776 Aegypto
503 3704 538 3758 et
569 3693 736 3768 Aschure,
765 3713 824 3776 per
854 3714 936 3776 quas
963 3692 1171 3775 significatur
1201 3693 1356 3757 Ecclesia

239 3790 349 3870 quoad
362 3790 575 3871 cognitiones
588 3799 622 3852 et
635 3789 746 3872 quoad
762 3789 1007 3871 perceptiones,
1021 3788 1075 3851 ubi
1091 3789 1124 3850 in
1140 3789 1231 3852 bono
1246 3808 1355 3851 sensu.

290 3936 348 3986 “Ei
361 3937 404 4000 qui
416 3938 592 3988 viceritdabo
610 3947 639 3987 ut
656 3937 780 3988 comedat
791 3937 825 3986 de
841 3938 937 3986 arbore
949 3937 1029 3996 vitae,
1043 3950 1111 4000 quae
1129 3936 1156 3986 in
1175 3936 1263 3986 medio
1281 3949 1356 3998 para-

369 4003 420 4052 disi
433 4001 484 4053 Dei
492 4001 506 4023 '⁹
518 4005 605 4067 (Apoc.
617 4003 643 4052 ii.
657 4003 689 4064 7).

239 4138 294 4202 Ex
314 4141 615 4222 correspondentia
632 4140 723 4204 horti
746 4159 822 4204 cum
842 4138 1008 4214 Ecclesia,
1029 4140 1184 4221 provenit
1207 4137 1297 4222 quod
1320 4139 1354 4202 in

237 4233 340 4297 caelis
355 4235 461 4298 ubivis
477 4245 662 4317 appareant
681 4235 771 4298 horti
789 4234 935 4297 ferentes
950 4233 1038 4309 solia,
1055 4233 1153 4296 flores
1169 4243 1204 4296 et
1219 4230 1353 4307 fruetus,

237 4329 421 4392 secundum
440 4338 550 4392 status
568 4327 743 4392 Ecclesiae
761 4328 850 4410 apud
868 4327 1010 4409 angelos
1021 4349 1029 4405 ;
1053 4347 1092 4390 ac
1111 4326 1254 4390 relatum
1273 4326 1353 4390 mihi

236 4431 290 4485 est
302 4421 394 4504 quod
410 4423 442 4484 in
455 4423 654 4504 quibusdam
670 4421 778 4486 hortis
794 4421 838 4484 ibi
852 4421 1102 4503 conspiciantur
1114 4421 1251 4484 arbores
1263 4422 1354 4484 vitae

235 4515 270 4578 in
289 4515 494 4592 meditulliis,
511 4525 546 4580 et
565 4517 701 4580 arbores
716 4516 877 4580 scientiae
895 4515 1025 4579 boniet
1044 4514 1123 4578 mali
1141 4515 1174 4577 in
1191 4514 1352 4589 terminis,

236 4609 269 4671 in
287 4611 419 4692 signum
437 4609 526 4692 quod
545 4611 578 4673 in
597 4609 703 4674 libero
719 4608 857 4673 arbitrio
872 4609 906 4672 in
921 4609 1147 4692 spiritualibus
1162 4609 1239 4672 sint.
1284 4607 1350 4671 Ec·
