3282 5294
708 685 760 740 DE
782 679 1014 740 CHARITATE'.

302 1859 431 1944 [Quoo
457 1875 660 1927 aanurrcm
685 1875 919 1928 cnnnrrnrrs
941 1875 1026 1929 surr
1048 1875 1174 1929 onnon
1195 1875 1299 1930 noun
1319 1877 1423 1944 Quae

427 1974 549 2038 norm,
566 1974 631 2040 Qur
653 1974 721 2030 usr
743 1975 944 2040 cunnnns,
961 1975 1333 2030 rnc1raxrnnsuuu
1355 1975 1421 2030 on·

425 2072 558 2126 rrcrunr
579 2072 630 2125 nx
653 2059 1110 2146 L1sano.-axpagnasem.]

297 2635 322 2688 4.
348 2634 422 2693 duod
430 2649 504 2688 nemo
515 2635 634 2688 salvetur
642 2647 692 2703 por
702 2631 824 2687 &namin
835 2631 888 2694 tua,
900 2631 951 2688 rod
962 2647 1012 2702 per
1022 2631 1175 2688 charitatem
1187 2649 1281 2704 arque
1291 2632 1336 2688 illa
1348 2635 1418 2695 nunt,

397 2715 426 2765 ot
434 2711 475 2765 air
485 2725 553 2780 quur
563 2710 589 2764 iu
601 2709 731 2764 tononrr'ie
741 2709 795 2763 illia
806 2713 855 2763 eat.

361 2845 531 2913 Beneficia
548 2844 606 2910 illa
620 2855 699 2910 sunt
722 2854 823 2911 extra
837 2844 1020 2922 hominem,
1035 2855 1072 2911 at
1095 2847 1240 2912 charitas
1255 2855 1309 2911 est
1331 2847 1420 2912 intra

297 2943 402 3020 illum,
418 2951 454 3008 et
476 2941 615 3026 quisque
631 2939 781 3006 salvatur
799 2941 984 3005 secundum
1007 2939 1106 3023 quale
1128 2940 1208 3006 boni
1229 2961 1289 3006 seu
1311 2941 1419 3005 chari-

297 3038 379 3102 tatis
401 3037 434 3100 in
458 3035 526 3100 illo.
570 3034 722 3118 Plerique
744 3045 822 3117 post
838 3045 995 3110 mortem,
1011 3036 1067 3117 qui
1088 3035 1123 3099 in
1145 3035 1272 3100 mundo
1287 3036 1419 3118 cogita·

297 3140 418 3195 verunt
441 3131 483 3194 de
506 3127 615 3194 salute
631 3150 701 3206 sua,
718 3129 796 3211 quia
817 3139 898 3194 tunc
914 3128 1031 3193 vident
1047 3149 1084 3193 se
1099 3127 1205 3206 vivos,
1221 3137 1257 3193 et
1279 3130 1419 3196 audiunt

297 3225 387 3308 quod
403 3224 536 3289 coelum
548 3233 584 3288 et
599 3223 762 3287 infernum
777 3223 856 3300 sint,
866 3223 1045 3287 venditant
1057 3223 1148 3306 quod
1163 3223 1253 3288 bona
1265 3223 1417 3302 fecerint,

296 3319 452 3384 dederint
489 3318 698 3400 pauperibus,
729 3316 886 3399 opitulati
915 3317 984 3382 sint
1021 3317 1259 3399 indigentibus,
1290 3318 1419 3402 aliquas

296 3423 430 3494 sportas
446 3411 651 3478 contulerint
667 3412 710 3477 ad
733 3433 811 3476 usus
833 3413 916 3493 pios.
961 3409 1029 3476 Sed
1051 3411 1173 3476 dicitur
1187 3411 1262 3488 illis,
1280 3411 1338 3478 Ex
1353 3435 1420 3498 qua

296 3508 425 3590 origine
446 3507 571 3571 fecistis
595 3505 662 3571 illa.
707 3505 797 3570 Num
813 3505 944 3590 fugistis
960 3505 1049 3570 mala
1070 3515 1108 3570 ut
1132 3515 1284 3588 peccata.
1328 3505 1418 3574 Num

296 3602 507 3683 cogitavistis
523 3601 565 3664 de
581 3599 655 3665 illis.
701 3597 848 3682 Quidam
863 3599 1071 3682 respondent
1088 3601 1178 3682 quod
1196 3599 1297 3666 fidem
1312 3601 1418 3668 habu·

295 3697 392 3760 erint.
437 3693 505 3759 Sed
521 3695 651 3772 dicitur,
668 3693 703 3759 Si
720 3715 787 3758 non
803 3695 1034 3776 cogitaveritis
1049 3695 1092 3760 de
1104 3693 1202 3759 malis
1217 3705 1254 3759 ut
1270 3699 1418 3778 peccatis

295 3789 384 3871 apud
397 3810 467 3865 VOS,
481 3789 652 3873 quomodo
664 3789 840 3878 potueritis
852 3788 954 3854 fidem
966 3789 1099 3854 habere.
1132 3789 1233 3854 Fides
1245 3801 1280 3854 et
1293 3791 1418 3856 malum

297 3903 364 3947 non
373 3904 408 3948 se
417 3883 635 3966 conjungunt.
661 3882 773 3966 Quare
782 3883 1033 3967 inquiriturvita
1042 3882 1417 3968 ejusinsunttioneejus,

296 3997 376 4041 num
389 3989 527 4060 propter
539 3978 673 4054 famam,
686 3977 850 4042 honorem
862 3987 898 4042 et
910 3977 1049 4055 lucrum,
1063 3987 1099 4042 ut
1112 3977 1306 4060 principalia
1317 3979 1417 4056 bona,

297 4092 374 4134 usus
390 4069 568 4136 sundtionis
583 4093 663 4137 suae
679 4071 806 4150 fecerit,
821 4071 870 4136 ita
884 4081 1024 4154 propter
1038 4093 1085 4148 se,
1098 4071 1154 4136 vel
1176 4090 1256 4136 num
1280 4083 1418 4154 propter

297 4167 498 4248 proximum.
530 4165 655 4231 Dicunt
666 4165 757 4249 quod
770 4165 854 4230 haec
865 4185 933 4231 non
943 4166 1161 4230 distinxerint
1172 4165 1230 4230 ita.
1260 4165 1418 4248 Respon-

296 4261 405 4336 detur,
419 4257 453 4324 Si
469 4257 701 4342 spediaveritis
713 4260 757 4323 ad
774 4259 884 4324 Deum
897 4269 933 4324 et
948 4259 1098 4342 fugeritis
1111 4259 1201 4324 mala
1212 4269 1249 4324 ut
1265 4271 1418 4343 peccata,

296 4365 377 4418 tunc
394 4353 451 4418 illa
466 4354 534 4418 duo
549 4375 584 4418 se
600 4375 646 4420 ex
661 4375 697 4418 se
713 4355 936 4437 distinguunt,
947 4356 1024 4438 quia
1039 4354 1204 4420 Dominus
1219 4355 1417 4438 distinguit;

296 4457 332 4512 et
348 4457 510 4531 quantum
526 4467 595 4512 non
611 4449 644 4512 id
666 4448 817 4524 fecerint,
834 4470 879 4512 ex
896 4449 986 4513 malo
1008 4457 1044 4513 et
1067 4469 1135 4513 non
1151 4469 1196 4513 ex
1219 4449 1310 4513 bono
1332 4449 1419 4514 sece-

296 4543 372 4606 rint.
418 4541 497 4624 lpsa
508 4539 640 4606 affedtio
652 4541 795 4624 cujusvis
811 4545 1079 4608 communicatur
1093 4543 1126 4608 in
1142 4543 1269 4608 mundo
1284 4543 1417 4626 spiritu·

297 4635 351 4712 ali,
367 4644 404 4700 et
418 4637 609 4702 ostenditur
623 4636 730 4721 qualis
745 4647 820 4719 est;
843 4647 879 4704 et
891 4637 997 4722 qualis
1012 4639 1083 4721 ipse
1099 4645 1152 4704 est
1164 4637 1276 4722 quoad
1291 4633 1417 4702 affecti·
