3282 5294
622 715 673 768 ΒΕ
695 715 926 770 CHARITATE.
1295 723 1333 794 17

205 891 268 946 ¹est
292 883 417 948 bonum
441 883 631 965 internum3
657 884 722 950 hoc
747 895 863 968 potest
887 907 961 952 esse
989 885 1124 966 malum,
1149 889 1240 973 quod
1263 910 1332 956 non

215 978 395 1040 amandum
411 987 474 1041 est.

278 1073 409 1138 Bonum
426 1074 522 1139 civile
538 1086 591 1140 est
614 1076 740 1140 bonurn
762 1077 852 1142 vitae
869 1079 1054 1142 secundum
1067 1079 1172 1162 leges
1195 1081 1330 1163 civiles;

214 1175 249 1230 et
266 1167 335 1248 ejus
352 1169 493 1249 primum
509 1178 545 1233 et
560 1169 825 1246 fundamentum,
839 1172 929 1254 quod
942 1181 994 1236 est
1011 1193 1079 1237 non
1095 1181 1196 1256 a'gere
1212 1187 1332 1241 contra

214 1259 288 1324 illas
304 1261 408 1342 leges,
425 1273 477 1328 est
494 1274 632 1344 propter
647 1283 784 1345 poenas.
828 1264 863 1329 Si
886 1267 919 1328 in
940 1265 998 1331 illo
1014 1267 1104 1332 bono
1120 1289 1188 1332 non
1204 1271 1248 1334 sit
1271 1271 1332 1335 bo-

214 1373 293 1417 num
306 1356 443 1432 morale,
457 1367 492 1420 et
504 1359 537 1420 in
550 1357 614 1421 hoc
627 1359 752 1423 bonum
764 1359 946 1441 spirituale,
961 1381 1028 1424 non
1041 1371 1094 1425 est
1104 1363 1194 1426 aliud
1206 1365 1331 1428 bonum

213 1467 313 1528 quam
334 1450 458 1514 bonum
481 1451 636 1526 animale,
660 1453 694 1515 in
717 1471 783 1534 quo
806 1463 885 1518 sunt
907 1454 1047 1532 bestiae,
1069 1456 1149 1519 dum
1172 1467 1332 1522 tenentur

208 1539 390 1606 1²1inclusae
405 1553 463 1607 aut
476 1542 619 1620 vinetae,
633 1565 714 1627 erga
729 1545 806 1610 illos
818 1547 873 1628 qui
889 1547 972 1611 dant
984 1547 1049 1611 illis
1064 1549 1185 1626 cibum,
1203 1561 1260 1614 aut
1276 1553 1331 1634 qui

213 1634 287 1698 illas
300 1631 483 1718 1²1puniunt,
500 1649 557 1702 aut
573 1639 628 1721 qui
646 1639 711 1702 illis
726 1639 995 1704 adblandiuntur.

277 1735 372 1800 Haec
396 1738 485 1801 bona
500 1739 599 1802 discit
621 1739 725 1803 homo
747 1740 779 1802 in
803 1741 909 1821 prima
929 1741 1068 1805 infantia
1083 1763 1128 1808 ex
1145 1743 1330 1827 Decalogo.

213 1828 325 1912 Leges
341 1830 505 1913 Decalogi
523 1829 606 1896 fiunt
622 1834 764 1914 primum
787 1832 881 1916 leges
897 1833 1022 1910 civiles,
1039 1846 1161 1918 postea
1175 1838 1330 1915 morales

213 1933 246 1987 et
265 1925 400 1988 demum
416 1925 615 2006 spirituales,
631 1937 666 1990 et
682 1936 762 1990 tunc
778 1928 868 1992 bona
883 1925 966 1992 fiunt
983 1931 1124 2012 primum
1146 1932 1236 1996 bona
1251 1931 1331 1996 cha·

212 2017 331 2093 utatis,
348 2020 681 2111 secundumkgradus

275 2116 354 2197 Ipsa
370 2117 515 2182 charitas
531 2115 663 2200 speetat
679 2119 820 2200 primum
837 2119 962 2183 bonurn
978 2109 1110 2186 {mimae
1126 2121 1279 2202 hominis,
1295 2133 1331 2188 et

212 2218 303 2272 amat
317 2209 409 2286 illud,
424 2212 501 2293 quia
516 2231 576 2292 per
591 2212 624 2275 id
640 2211 677 2276 fit
690 2209 901 2294 conjunftio3
925 2224 1045 2294 postea
1057 2213 1189 2297 spetiat
1205 2216 1330 2281 bonum

212 2302 339 2366 morale
355 2303 435 2385 ejus,
453 2313 489 2369 et
511 2315 603 2370 amat
619 2305 701 2369 illud
717 2307 804 2370 sicut
827 2307 962 2370 moralis
978 2309 1061 2371 vivit
1076 2309 1259 2373 secundum
1276 2331 1328 2374 ra·

211 2397 312 2460 tionis
328 2395 587 2478 perfeetionem
611 2409 646 2464 et
663 2399 782 2464 ultimo
796 2397 929 2482 spettat
945 2401 1070 2466 bonum
1086 2401 1193 2478 civile,
1210 2422 1329 2467 secun·

212 2490 291 2554 dum
312 2492 402 2574 quod
425 2491 528 2556 homo
551 2503 603 2556 est
626 2513 740 2558 secum
763 2495 796 2556 in
820 2495 956 2559 mundo.
1001 2495 1063 2558 Per
1085 2496 1210 2560 bonum
1232 2497 1329 2561 civile

212 2585 314 2648 homo
329 2595 382 2649 est
398 2585 500 2650 homo
516 2585 651 2665 mundi;
674 2587 857 2652 secundum
874 2587 998 2652 bonum
1014 2588 1141 2652 morale
1158 2588 1260 2652 homo
1275 2601 1329 2654 est

212 2677 314 2742 homo
325 2680 614 2760 supramundanus
626 2691 661 2745 et
673 2681 934 2758 infracoelestis3
958 2691 994 2745 at
1006 2682 1190 2746 secundum
1203 2683 1328 2747 bonum

211 2772 381 2852 spirituale
404 2773 507 2836 homo
529 2784 582 2837 est
604 2775 707 2838 homo
729 2774 815 2838 coeli
837 2795 896 2838 seu
919 2774 1068 2857 angelus.
1113 2774 1329 2841 Consociatio
1392 2829 1401 2846 .

211 2868 354 2934 hominis
370 2891 446 2934 curn
462 2872 597 2936 homine
614 2871 651 2937 fit
674 2893 734 2954 per
755 2873 819 2937 hoc
843 2873 980 2948 bonum,
997 2882 1033 2937 et
1049 2883 1129 2938 tunc
1145 2875 1328 2938 secundum

210 2964 334 3045 gradus
350 2985 409 3046 per
423 2966 513 3030 bona
528 2966 717 3031 inferioruni
733 2967 906 3049 graduum.
952 2967 1013 3030 Per
1029 2967 1206 3048 exempla:
1231 2968 1330 3032 datur

211 3063 313 3127 homo
328 3063 518 3144 spiritualis,
535 3065 589 3146 qui
605 3065 692 3128 bene
707 3065 779 3130 vult
794 3073 830 3129 et
846 3085 914 3128 non
935 3065 1021 3128 bene
1037 3065 1207 3147 intelligit,
1223 3075 1257 3130 et
1274 3067 1329 3144 qui

213 3181 279 3224 non
295 3162 381 3225 bene
397 3161 558 3244 intelligit
574 3183 642 3226 non
662 3162 854 3238 benefacit,
870 3164 918 3226 ita
933 3163 991 3226 vix
1007 3171 1059 3226 est
1075 3163 1210 3226 moralis
1225 3173 1328 3228 ratio·

211 3259 315 3338 nalis3
338 3270 373 3324 et
396 3261 451 3342 qui
474 3261 559 3324 bene
582 3260 742 3343 intelligit
763 3270 797 3326 et
816 3281 883 3324 non
907 3262 993 3325 bene
1008 3260 1091 3337 vult,
1108 3261 1161 3325 hic
1185 3281 1252 3325 non
1276 3271 1328 3327 est

211 3358 394 3422 secundum
410 3356 619 3422 intellellum
636 3359 830 3440 proximus;
854 3368 889 3422 at
913 3359 1052 3441 quinon
1072 3359 1158 3422 bene
1174 3359 1256 3436 vult,
1274 3369 1327 3424 ut·

211 3471 340 3535 cunque
356 3451 442 3515 bene
458 3450 628 3534 intelligit,
646 3471 714 3516 non
730 3462 782 3516 est
799 3453 983 3534 proximus.

273 3549 399 3626 Verbo,
416 3549 574 3613 voluntas
588 3549 667 3614 lacit
683 3551 884 3632 proximum,
899 3569 938 3614 ac
954 3547 1148 3614 intelletlus
1165 3559 1327 3633 quantum

210 3653 262 3709 est
278 3643 474 3709 voluntatis.

208 3859 236 3910 5.
263 3857 334 3914 uuor!
348 3857 440 3910 bonum
451 3856 568 3909 intumus
582 3855 766 3909 vulnerationis
779 3854 913 3922 proximus
924 3854 970 3923 qui
983 3854 1117 3914 amundus,
1130 3859 1159 3908 ot
1167 3869 1217 3908 ron
1234 3855 1327 3909 torum

201 3977 205 3992 ,
308 3928 432 3976 externus
445 3921 589 3982 voluntatis,
601 3921 654 3975 nisi
662 3921 711 3974 hoe
721 3936 779 3974 cum
790 3921 834 3974 illo
846 3935 923 3974 unum
936 3920 1006 3974 fucit.

272 4067 336 4132 Est
348 4066 505 4131 voluntas
518 4067 651 4130 interna
662 4075 697 4130 et
709 4062 866 4130 voluntas
878 4075 1041 4144 externa;
1060 4065 1212 4128 similiter
1225 4064 1326 4128 intel·

209 4158 325 4226 letius.

273 4242 442 4322 Volunt'as
464 4257 596 4320 interna
618 4253 887 4337 conjunstionem
916 4255 1020 4320 habet
1050 4274 1125 4320 cum
1155 4253 1263 4332 coelo,
1290 4263 1326 4320 et

210 4351 366 4416 voluntas
382 4359 527 4414 externa
541 4369 616 4413 cum
633 4349 768 4413 mundo.

272 4447 383 4513 Omne
399 4449 524 4512 bonum
540 4458 592 4512 est
608 4448 813 4527 voluntatis;
837 4456 872 4512 et
888 4447 995 4529 ipsum
1010 4448 1136 4510 bonum
1152 4443 1326 4509 charitatis

210 4554 261 4608 est
277 4543 404 4612 bonum
419 4540 606 4606 voluntatis
622 4542 784 4606 internae.

274 4639 395 4706 Solent
411 4641 556 4722 separari
572 4639 629 4703 illa
645 4639 733 4723 apud
749 4639 930 4718 hominem,
946 4647 981 4704 et
1003 4633 1151 4701 maxime
1167 4653 1325 4717 separan-
