3282 5294
596 679 648 732 DE
669 677 902 732 cunnum.
1269 681 1311 750 37

181 859 247 918 tas.
292 849 356 916 ille
378 871 424 916 ex
446 847 627 933 prudentia
649 850 737 915 sicut
760 850 895 932 propria
916 850 998 932 agit,
1021 849 1082 914 sed
1105 870 1210 934 usque
1232 848 1308 916 fidit

182 947 327 1011 Divinae
358 946 614 1024 Providentiae3
644 966 746 1028 quare
779 965 848 1009 non
877 945 1070 1026 despondet
1094 947 1243 1010 animum
1274 946 1309 1010 in

181 1040 381 1116 infortuniis,
401 1060 463 1104 nec
486 1040 637 1122 superbit
660 1040 774 1103 animo
796 1039 829 1102 in
852 1037 1083 1117 successibus;
1110 1041 1243 1122 cogitat
1265 1039 1309 1104 de

182 1135 333 1199 crastino
348 1145 384 1198 et
407 1154 511 1216 usque
534 1153 602 1198 non
618 1135 749 1216 cogitat
772 1133 815 1197 de
838 1131 919 1210 illo;
943 1133 1074 1214 cogitat
1097 1133 1139 1196 de
1160 1135 1310 1199 crastino

182 1228 262 1310 quid
277 1239 314 1292 et
329 1229 501 1310 quomodo
512 1225 680 1306 ladiurus3
703 1227 763 1292 sed
782 1247 850 1291 non
866 1227 998 1308 cogitat
1014 1226 1056 1290 de
1072 1229 1221 1292 crastino
1233 1230 1310 1311 quia

182 1321 328 1387 Divinae
344 1323 579 1387 Providentiae
595 1331 631 1386 et
649 1342 718 1386 non
734 1323 888 1403 propriae
904 1321 1103 1402 prudentiae
1119 1323 1236 1388 tribuit
1259 1322 1309 1386 iu·

182 1425 278 1496 tura;
294 1417 399 1480 etiam
415 1417 629 1499 prudentiam
645 1435 739 1480 suam
755 1416 866 1480 eidem
879 1415 1004 1480 tribuit.
1049 1414 1157 1480 Amat
1173 1419 1308 1498 negoti·

182 1511 335 1576 ationem
358 1521 396 1575 ut
424 1510 607 1593 principale
630 1509 731 1574 officii
764 1511 824 1584 sui,
849 1519 884 1574 et
919 1510 1095 1590 pecuniam
1118 1519 1156 1574 ut
1184 1511 1308 1574 instru-

183 1605 334 1670 mentale
349 1605 430 1688 ejus,
441 1616 477 1670 et
493 1606 558 1670 hoc
575 1625 643 1670 non
659 1603 738 1670 lacit
755 1603 938 1686 principale
954 1613 991 1668 et
1006 1603 1088 1667 illud
1103 1605 1308 1669 instrumen-

183 1698 264 1776 tale,
277 1701 364 1764 sicut
380 1701 506 1764 faciunt
522 1699 671 1782 plerique
684 1719 729 1762 ex
744 1697 888 1780 Judaeis.
934 1696 988 1762 Sic
1001 1707 1094 1762 amat
1110 1717 1205 1779 opus,
1216 1699 1308 1781 quod

182 1793 217 1858 in
228 1814 266 1858 se
277 1804 331 1858 est
344 1795 470 1858 bonum
483 1813 571 1868 usus,
584 1803 619 1857 et
635 1812 704 1857 non
720 1793 831 1856 media
843 1811 942 1874 supra
957 1791 1039 1855 illud
1052 1814 1059 1870 ;
1076 1791 1159 1856 haec
1172 1793 1307 1875 quidem

182 1907 253 1952 non
265 1889 314 1952 ita
324 1889 514 1970 distinguit,
527 1888 587 1952 sed
601 1907 704 1969 usque
727 1887 982 1969 distinguuntur
1004 1887 1063 1962 ita,
1079 1887 1160 1950 dum
1173 1884 1308 1968 spectat

182 1983 226 2046 ad
243 1982 428 2047 Dominum
440 1993 476 2047 et
487 1983 573 2064 sugit
586 1981 675 2046 mala
687 1991 724 2046 ut
737 1992 899 2063 peccata3
915 1981 1001 2062 sugit
1017 1982 1107 2044 enirn
1119 1983 1307 2058 avaritiam,

182 2095 269 2159 quae
285 2087 337 2141 est
347 2077 484 2152 malum,
495 2087 532 2141 et
547 2075 690 2159 plurium
703 2075 868 2140 malorum
883 2075 980 2140 radix
994 2097 1001 2152 ;
1020 2086 1112 2140 amat
1128 2095 1308 2140 commune

182 2171 310 2235 bonum
341 2173 421 2236 dum
451 2181 545 2236 amat
574 2189 669 2234 suum
699 2170 835 2244 bonum,
859 2170 937 2252 quia
958 2171 991 2233 in
1015 2170 1080 2234 hoc
1103 2169 1195 2234 illud.
1209 2169 1306 2246 latet,

181 2265 269 2330 sicut
281 2265 379 2329 radix
395 2266 523 2330 arboris
539 2285 624 2348 quae
640 2285 676 2330 se
689 2263 839 2329 occultat
856 2265 1033 2339 subterra,
1050 2285 1095 2328 ex
1112 2283 1177 2346 qua
1192 2273 1307 2328 tamen

182 2361 306 2423 crescit
321 2369 357 2424 et
372 2359 469 2424 floret
480 2369 515 2423 et
530 2357 654 2424 irudius
670 2359 753 2438 sert3
772 2378 841 2422 non
857 2357 947 2441 quod
963 2359 993 2422 ei
1009 2379 1055 2421 ex
1063 2377 1125 2422 suo
1134 2357 1194 2421 det
1210 2376 1307 2438 prae·

181 2462 236 2518 ter
258 2453 384 2530 debita,
407 2453 468 2518 sed
495 2455 571 2537 quia
600 2455 726 2518 bonum
758 2452 927 2536 publicum
950 2461 1002 2516 est
1026 2471 1158 2534 quoque
1181 2451 1307 2515 bonum

183 2549 383 2624 concivium,
400 2548 478 2612 inde
494 2549 583 2612 enim
599 2549 728 2623 existit,
739 2567 823 2630 quos
839 2567 884 2610 ex
901 2547 1077 2622 charitate,
1094 2544 1185 2628 cujus
1200 2543 1308 2608 forma

182 2651 246 2718 est,
270 2653 375 2707 amat.
419 2643 531 2707 Nemo
553 2651 668 2725 potest
684 2641 820 2706 occulta
835 2641 1009 2712 charitatis
1024 2640 1113 2722 apud
1136 2659 1172 2703 se
1195 2658 1305 2717 nosse,

182 2737 260 2819 quia
274 2737 332 2800 illa
347 2757 416 2801 non
431 2737 535 2812 videt,
552 2735 612 2800 sed
629 2735 796 2801 Dominus
811 2736 916 2799 videt.

186 2907 239 2990 [⁹:1
267 2907 386 2962 muna·
397 2905 470 2975 apud
480 2905 617 2974 opmu'oa
629 2909 677 2959 sat.

246 3021 310 3085 Per
340 3017 521 3102 Operatios
551 3017 787 3101 intelliguntur
808 3017 946 3101 opifices
979 3028 1014 3084 et
1045 3018 1201 3098 artifices,
1225 3021 1306 3086 varii
1370 3081 1374 3094 ,

181 3117 326 3199 generis.
365 3114 410 3178 Hi
423 3115 450 3178 si
463 3111 618 3196 spectant
631 3114 674 3176 ad
689 3113 871 3178 Dominum
883 3123 918 3178 et
931 3115 1062 3196 fugiunt
1074 3114 1164 3180 mala
1175 3124 1212 3178 ut
1225 3135 1305 3198 pec·

182 3219 270 3286 cata,
283 3228 323 3273 ac
339 3210 479 3284 sincere,
488 3207 577 3289 juste
593 3218 628 3271 et
644 3207 790 3272 fideliter
801 3208 926 3272 iaciunt
938 3229 998 3272 sua
1013 3229 1126 3291 opera,
1140 3207 1223 3272 fiunt
1238 3208 1305 3274 sor·

182 3323 257 3368 mae
281 3303 466 3377 charitatis,
490 3303 628 3384 quisque
650 3303 737 3366 sicut
768 3311 860 3366 amat
887 3321 982 3366 suum
1005 3323 1099 3384 opus,
1123 3313 1159 3368 et
1189 3303 1305 3368 studet

181 3398 249 3477 illi;
272 3417 377 3479 opera
398 3398 488 3461 enim
511 3395 644 3460 illorum
657 3406 736 3460 sunt
751 3397 842 3460 bona
864 3417 941 3460 usus
957 3398 1173 3462 inservientia
1189 3398 1305 3479 proxi-

181 3512 239 3557 mo
261 3512 323 3574 pro
345 3491 445 3554 variis
467 3491 726 3554 necessitatibus
752 3509 791 3554 ac
823 3490 1035 3567 utilitatibus,
1059 3501 1096 3556 ut
1119 3511 1180 3574 pro
1202 3488 1304 3566 victu,

181 3585 317 3662 amittu,
340 3585 562 3660 habitatione,
587 3584 706 3659 tutela,
730 3587 999 3660 conservatione,
1022 3583 1245 3667 jucuncsstate,
1269 3595 1305 3650 et

180 3681 255 3747 aliis
271 3680 430 3762 pluribus,
442 3688 477 3742 et
493 3688 572 3742 sunt
588 3677 820 3742 emolumenta
830 3679 1059 3760 Reipublicae.
1097 3678 1248 3762 Quisque
1261 3680 1304 3743 si·

181 3785 240 3840 cut
261 3775 411 3838 intendit
434 3782 586 3837 mentem
609 3793 704 3836 suam
727 3775 819 3854 operi
842 3783 878 3838 et
909 3773 1015 3836 labori
1038 3794 1098 3837 suo
1121 3795 1166 3838 ex
1189 3793 1304 3838 amore

181 3869 262 3952 ejus,
279 3879 333 3932 est
349 3867 460 3950 quoad
476 3866 690 3930 affectionem
706 3877 742 3930 et
765 3868 1011 3949 cogitationem
1027 3869 1070 3932 de
1092 3867 1151 3932 illo
1167 3869 1200 3932 in
1223 3867 1303 3947 illo;

181 3975 217 4030 et
240 3971 403 4046 quantum
437 3962 471 4025 in
493 3961 553 4024 illo
575 3971 639 4036 est,
663 3971 798 4025 tantum
821 3962 993 4026 detinetur
1018 3983 1039 4026 a
1060 3961 1247 4044 cogitando
1268 3973 1305 4028 et

181 4057 329 4124 amando
344 4075 441 4130 vana,
458 4075 497 4118 ac
514 4065 592 4137 post
608 4055 740 4119 ducitur
755 4076 775 4118 a
792 4055 941 4118 Domino
958 4055 1002 4120 ad
1025 4056 1246 4138 cogitandum
1268 4066 1304 4122 et

181 4151 363 4217 amandum
379 4151 479 4224 bona,
492 4159 527 4214 et
544 4170 677 4233 quoque
693 4149 736 4213 ad
752 4150 973 4231 cogitandum
986 4159 1021 4214 et
1038 4151 1219 4214 amandum
1232 4170 1303 4215 me·

181 4247 237 4310 dia
257 4245 302 4310 ad
324 4245 462 4318 bonum,
478 4263 563 4326 quae
587 4254 666 4307 sunt
681 4265 780 4322 vera;
804 4243 903 4307 aliter
921 4245 977 4326 qui
999 4263 1068 4308 non
1091 4243 1189 4308 alicui
1210 4245 1305 4326 operi

181 4341 333 4404 intentus
349 4347 412 4402 est.
456 4336 576 4402 Omnis
592 4339 761 4420 operarius
777 4337 833 4420 qui
848 4335 981 4420 spectat
996 4337 1041 4402 ad
1057 4339 1251 4414 Dominum,
1267 4347 1304 4403 et

180 4433 265 4516 fugit
289 4431 380 4496 mala
401 4441 439 4496 ut
462 4442 614 4514 peccata,
637 4431 723 4514 sugit
746 4433 863 4506 otium,
887 4433 964 4515 quia
987 4432 1052 4497 hoc
1075 4443 1127 4498 est
1151 4433 1305 4515 pulvinar

181 4527 325 4606 diaboli;
348 4526 434 4608 sugit
456 4527 722 4591 insinceritatem
738 4535 773 4590 et
796 4525 956 4600 fraudem,
972 4536 1008 4591 et
1029 4527 1114 4609 sugit
1137 4526 1303 4592 luxuriam

181 4631 217 4686 et
232 4621 529 4703 intemperantiam
542 4641 550 4700 3
571 4631 624 4685 est
640 4620 786 4697 sedulus,
799 4621 956 4696 sincerus,
968 4621 1107 4698 sobrius,
1121 4629 1304 4686 contentus
