3338 5300
428 714 606 768 uumuuu
627 713 806 782 Juorcnnr
828 715 944 768 sumn
966 717 1137 768 unm-n.
1155 707 1214 785 34!
1331 724 1372 788 43

257 881 301 946 ad
319 880 461 964 cujusvis
479 883 586 946 visum
609 902 677 947 non
701 894 932 948 consentanea
955 885 1029 950 Deo
1052 895 1141 950 sunt.
1186 885 1270 968 Quis
1293 907 1372 962 non,

257 997 303 1040 ex
332 975 398 1040 illis
426 978 461 1040 in
487 977 648 1041 historico
674 997 775 1041 sensu
800 977 993 1055 intellectis,
1020 989 1136 1061 potest
1163 982 1373 1046 rationaliter

257 1069 469 1146 concludere,
486 1081 523 1134 ut
542 1073 813 1154 comparationes
831 1081 917 1148 utar,
934 1070 1050 1155 quodffl
1068 1073 1127 1137 illa
1144 1074 1266 1150 forent,
1285 1077 1372 1140 sicut

257 1165 312 1246 qui
339 1164 455 1229 clienti
480 1185 541 1229 suo
567 1165 674 1229 donat
700 1185 856 1248 campum
882 1165 1165 1243 florentissimum,
1193 1179 1228 1234 et
1254 1170 1289 1232 in
1314 1169 1373 1234 illo

257 1257 372 1322 effodit
395 1268 533 1341 puteum
552 1278 653 1341 quem
675 1260 763 1341 tegit
785 1259 909 1323 tabulis
931 1281 1016 1343 quae
1038 1262 1081 1325 ad
1104 1259 1232 1326 tastum
1255 1282 1374 1327 manus

257 1361 314 1415 aut
344 1353 440 1434 pedis
466 1373 502 1416 se
533 1353 713 1416 introrsum
740 1352 892 1430 volvunt,
920 1363 955 1418 et
981 1355 1015 1418 in
1041 1356 1153 1420 medio
1179 1377 1278 1439 super
1303 1367 1373 1421 sta-

257 1442 370 1527 pedel'1
389 1447 485 1528 ponit
508 1447 719 1511 meretricem
742 1447 895 1511 indutam
918 1468 1062 1531 purpura
1083 1459 1119 1513 et
1141 1452 1291 1528 coccino,
1311 1453 1372 1516 ha-

257 1540 396 1604 bentem
418 1543 452 1605 in
475 1561 576 1606 manu
598 1561 734 1605 aureum
758 1542 915 1624 poculum
936 1541 1038 1624 (sicut
1064 1543 1156 1606 illam
1183 1545 1217 1606 in
1239 1544 1370 1626 Apoca-

257 1631 355 1715 lypsi,
379 1637 460 1700 xvii.
486 1633 534 1719 4),
560 1656 645 1720 quae
671 1634 908 1718 blandiloquiis
934 1635 1038 1700 allicit
1064 1638 1171 1700 virum
1197 1637 1240 1700 ad
1268 1659 1314 1714 se,
1339 1649 1374 1702 et

257 1730 304 1792 sic
323 1728 427 1794 efficit
449 1740 487 1794 ut
510 1731 610 1794 cadat
633 1731 668 1792 in
687 1739 825 1812 puteum
844 1740 879 1794 et
902 1731 1160 1812 submergatur?
1204 1729 1294 1812 Quin
1317 1731 1374 1794 illa

257 1823 368 1888 forent
390 1825 476 1888 sicut
499 1825 571 1907 quis
594 1825 703 1887 amico
726 1844 786 1887 suo
809 1824 900 1887 dono
923 1824 983 1888 dat
1004 1843 1123 1907 agrum
1147 1824 1374 1890 luxuriantem

258 1937 378 1993 messe,
402 1928 437 1982 et
460 1920 494 1981 in
518 1919 630 1982 medio
653 1915 723 1998 ejus
745 1917 925 1981 abscondit
948 1918 1097 2000 pedicas,
1116 1938 1155 1981 ac
1179 1919 1305 1982 emittit
1328 1921 1372 1982 si·

257 2031 382 2087 renem,
396 2033 481 2095 quae
497 2011 639 2094 pellacia
652 2020 771 2074 cantus
787 2021 821 2075 et
834 2013 926 2074 vocis
938 2010 1045 2075 dulcis
1058 2009 1197 2076 allet'tet
1213 2013 1246 2074 in
1263 2011 1373 2076 locum

257 2103 361 2181 illum,
385 2126 423 2170 ac
450 2106 551 2170 iaciat
577 2115 614 2170 ut
641 2105 810 2168 irretiatur
832 2103 953 2188 laqueo
975 2126 1020 2168 ex
1044 2126 1111 2188 quo
1134 2105 1255 2188 pedem
1279 2125 1372 2170 suam

257 2201 425 2264 extricare
437 2198 576 2282 nequit?
609 2199 729 2274 Immo,
742 2209 779 2263 ut
791 2199 901 2264 adhuc
916 2201 1169 2280 comparatione
1186 2208 1270 2276 utar,
1287 2201 1373 2265 soret

257 2295 343 2358 sicut
362 2295 435 2377 quis
453 2295 623 2376 hospitem
643 2291 789 2356 nobilem
807 2291 1036 2356 introduceret
1058 2293 1091 2356 in
1111 2294 1249 2356 domum
1267 2315 1372 2367 suam,

257 2389 312 2452 ubi
330 2388 398 2452 duo
417 2387 587 2460 cenacula,
607 2395 642 2451 et
661 2388 695 2450 in
714 2385 854 2468 singulis
872 2405 1030 2464 mensae;
1053 2387 1097 2449 ad
1115 2407 1254 2470 quarum
1274 2407 1374 2452 unam

258 2481 379 2546 sedent
401 2481 534 2564 angeli3
559 2481 602 2544 ad
625 2479 768 2544 alteram
791 2479 1069 2554 cacodaemones,
1089 2500 1188 2562 super
1210 2502 1275 2563 qua
1297 2493 1375 2546 sunt

192 2597 197 2612 ·
257 2577 375 2659 scyphi
394 2576 484 2658 pleni
502 2577 589 2639 vino·
597 2575 686 2639 dulci
704 2575 764 2638 sed
784 2574 949 2649 toxicato,
969 2593 1007 2637 ac
1031 2575 1167 2656 patinae
1186 2595 1285 2658 super
1302 2577 1375 2659 qui·

257 2671 319 2734 bus
341 2669 465 2734 fercula
491 2671 524 2732 in
547 2670 666 2752 quibus
689 2677 767 2732 sunt
789 2669 946 2746 aconita;
978 2687 1017 2731 ac
1041 2669 1207 2750 permittit
1230 2679 1267 2732 ut
1294 2671 1374 2734 dae·

258 2783 376 2828 mones
408 2765 453 2828 ibi
488 2773 744 2846 repraesentent
778 2763 872 2844 orgia
906 2761 1031 2825 Bacchi
1064 2771 1099 2825 et
1134 2762 1375 2828 hariolationes

258 2859 508 2933 comoedorum,
534 2855 601 2921 ac¹⁸¹
628 2858 774 2920 invitent
801 2856 843 2918 ad
872 2855 1044 2919 carchesia
1070 2865 1106 2919 et
1132 2856 1281 2938 epularia
1306 2859 1373 2922 illa.

259 2951 336 3029 Sed,
368 2953 414 3016 mi
446 2953 564 3027 amice,
595 2951 679 3014 haec
710 2959 795 3035 quae
826 2959 1055 3013 memorantur
1084 2949 1127 3012 de
1157 2949 1305 3027 Adamo,
1333 2953 1375 3016 de

260 3047 373 3111 Horto
393 3047 466 3121 Dei,
486 3055 521 3109 et
544 3045 587 3108 de
609 3045 695 3108 binis
718 3043 906 3107 Arboribus
925 3044 957 3106 in
981 3043 1049 3118 illo,
1070 3063 1204 3125 prorsus
1223 3046 1285 3108 sub
1307 3045 1375 3109 alia

259 3139 342 3202 facie
364 3147 540 3221 apparent,
560 3138 695 3221 quando
714 3137 931 3220 spiritualiter
946 3137 1287 3219 comprehenduntur,
1307 3139 1371 3203 hoc

259 3243 323 3308 est,
342 3253 401 3316 per
419 3251 554 3296 sensum
573 3230 779 3314 spiritualem
799 3231 1045 3316 exsasciantur:
1071 3241 1152 3294 tunc
1171 3233 1376 3314 conspicitur

260 3328 350 3410 quod
369 3347 428 3410 per
443 3331 464 3360 ⁴⁴
475 3325 677 3401 Adamum,’'
693 3335 730 3389 ut
748 3335 879 3407 typum,
899 3324 1108 3406 intelligatur
1127 3324 1283 3389 Ecclesia
1301 3326 1376 3390 An·

260 3423 465 3505 tiquissima;
496 3441 535 3484 ac
562 3441 622 3503 per
643 3421 734 3484 vitae
761 3419 830 3500 ejus
856 3420 1039 3494 versiones,
1062 3429 1172 3482 status
1197 3422 1377 3484 successivi

260 3516 346 3580 illius
369 3515 544 3579 Ecclesiae
567 3515 811 3578 describuntur.
857 3513 1013 3576 Ecclesia
1036 3515 1125 3577 enim
1151 3514 1185 3576 in
1213 3516 1376 3598 principio

260 3621 312 3675 est
335 3611 421 3674 sicut
443 3610 546 3673 homo
569 3629 588 3672 e
611 3628 700 3672 novo
722 3617 866 3682 creatus,
886 3608 939 3672 cui
961 3617 1014 3672 est
1038 3626 1133 3670 mens
1156 3607 1319 3670 naturalis
1341 3617 1377 3672 et

260 3703 459 3786 spiritualis;
482 3713 518 3766 et
536 3704 570 3766 in
589 3722 769 3785 progressu
787 3701 825 3765 fit
844 3721 864 3765 a
882 3700 1047 3784 spirituali
1066 3700 1228 3765 naturalis
1246 3711 1281 3766 et
1300 3712 1376 3767 tan·

261 3799 338 3862 dem
362 3797 535 3872 sensualis,
560 3797 615 3879 qui
639 3796 720 3859 nihil
747 3797 855 3859 credit
883 3797 945 3857 nisi
971 3815 1057 3877 quae
1083 3815 1201 3858 sensus
1228 3797 1376 3878 corporis

261 3889 410 3956 dietant:
444 3901 479 3954 et
505 3891 558 3954 hic
585 3891 689 3954 homo
715 3899 857 3972 apparet
881 3889 914 3952 in
939 3888 1034 3952 caelo
1061 3890 1147 3952 sicut
1174 3891 1296 3952 sedens
1322 3910 1375 3952 su-

261 4006 320 4068 per
342 3985 451 4049 bestia
473 4005 559 4068 quae
582 3995 674 4048 retro
696 3981 802 4048 flemt
825 3993 938 4066 caput,
959 3991 994 4046 ct
1017 3981 1189 4046 hominem
1212 3984 1274 4045 sibi
1297 3985 1375 4047 insi·

261 4081 400 4144 dentem
420 4080 577 4143 dentibus
595 4079 743 4160 stringit,
763 4077 948 4142 laceratae
967 4075 1129 4155 dilaniat;
1153 4085 1190 4139 at
1208 4097 1287 4140 vere
1309 4078 1377 4159 spi·

261 4173 389 4238 ritualis
415 4171 519 4238 homo
541 4181 682 4255 apparet
708 4170 862 4236 incaelo
888 4171 991 4234 etiam
1018 4170 1105 4234 sicut
1134 4169 1257 4233 sedens
1279 4189 1378 4252 super

261 4269 380 4344 bestia,
397 4268 457 4332 sed
476 4268 624 4344 domata,
642 4286 742 4349 quam
758 4265 915 4330 mollibus
930 4264 1072 4328 habenis
1088 4273 1123 4328 et
1141 4284 1274 4347 quoque
1289 4264 1377 4330 nuti·

261 4363 323 4428 bus
341 4363 439 4446 regit.

320 4571 393 4640 34.
422 4557 474 4627 (ν.)
498 4553 624 4625 ruiana
636 4559 740 4618 statua
753 4553 842 4635 injur
862 4552 1023 4616 Ecclesiae
1045 4551 1105 4615 fuir
1115 4551 1277 4634 &aparatio
1290 4551 1380 4616 dono·

262 4663 330 4708 rum
344 4665 364 4708 u
377 4645 478 4718 mulia,
493 4663 574 4728 queo
595 4643 656 4708 iur't
669 4643 806 4708 Ultimum
819 4641 971 4706 dudioium
984 4659 1080 4724 super
1093 4661 1197 4705 omnes
1211 4640 1266 4724 qui
1276 4641 1315 4706 ul
1327 4641 1379 4705 illu
