3288 5294
257 669 314 778 138
452 727 455 734 ⁴
553 685 751 764 ,Danova
776 687 1050 764 umnosoavun

1123 748 1237 782 χι.

311 865 408 932 313.
431 850 534 932 Quod
547 855 724 918 concernit
740 855 951 930 sacerdotes,
963 855 1139 922 docebunt
1151 853 1201 919 illi
1213 855 1369 919 homines

253 945 342 1009 viam
366 947 408 1010 ad
433 946 575 1024 caelum,
595 959 631 1012 et
655 969 787 1034 quoque
810 950 938 1015 ducent
964 951 1063 1030 illos;
1097 952 1269 1017 docebunt
1293 952 1370 1015 illos

253 1041 438 1103 secundum
461 1042 627 1106 ecclesiae
650 1063 731 1108 suae
753 1042 943 1110 dottrinam
967 1067 1012 1109 ex
1031 1045 1159 1121 Verbo,
1179 1065 1219 1109 ac
1242 1045 1368 1109 ducent

254 1143 291 1198 ut
314 1135 433 1198 vivant
455 1138 640 1200 secundum
665 1137 769 1201 iilam.
814 1137 1020 1204 Sacerdotes
1046 1141 1102 1224 qui
1128 1141 1255 1204 docent
1278 1161 1368 1214 vera,

253 1237 289 1292 et
313 1248 373 1311 per
391 1227 449 1292 illa
472 1229 600 1295 ducunt
622 1231 666 1294 ad
693 1232 820 1298 bonurn
839 1234 941 1308 vitae,
961 1245 997 1298 et
1027 1235 1075 1298 sic
1105 1235 1149 1298 ad
1173 1233 1367 1309 Dominum,

254 1332 333 1385 sunt
364 1333 519 1404 pastores
549 1325 663 1388 ovium
693 1327 793 1404 boni;
834 1324 889 1409 qui
920 1338 1034 1392 autem
1067 1329 1204 1404 docent,
1235 1339 1270 1391 et
1301 1347 1368 1390 non

254 1417 383 1480 ducunt
402 1417 446 1480 ad
465 1418 592 1482 bonum
607 1420 710 1495 vitae,
728 1429 763 1484 et
782 1421 829 1484 sic
847 1421 890 1484 ad
907 1421 1102 1496 Dominum,
1119 1429 1198 1485 sunt
1214 1430 1370 1504 pastores

254 1509 345 1574 mali.

312 1605 413 1688 316.
442 1605 649 1672 Sacerdotes
672 1629 741 1672 non
767 1610 830 1673 sibi
857 1609 1007 1692 aliquam
1025 1620 1246 1692 *potestatem
1269 1631 1370 1694 super

254 1699 385 1762 animas
401 1699 576 1764 hominum
588 1702 820 1777 vindicabunt,
834 1704 912 1786 quia
930 1723 998 1766 non
1014 1705 1126 1768 sciunt
1142 1705 1176 1767 in
1192 1725 1259 1788 quo
1277 1715 1370 1769 statu

254 1803 334 1856 sunt
353 1795 513 1857 interiora
532 1795 698 1873 hominis;
723 1797 832 1859 minus
848 1796 910 1860 sibi
921 1798 1141 1862 vindicabunt
1159 1808 1369 1881 potestatem

145 1955 149 1965 ,
255 1889 427 1969 aperiendi
450 1898 486 1952 et
513 1889 693 1954 claudendi
716 1890 859 1966 caelum,
880 1893 1040 1974 quoniam
1066 1913 1107 1956 ea
1134 1902 1290 1975 potestas
1317 1901 1370 1960 est

255 1980 360 2066 solius
379 1981 527 2060 Domini.
603 2015 605 2020 ·

313 2091 406 2162 317.
429 2077 674 2144 Sacerdotibus
686 2081 750 2144 erit
761 2081 913 2163 dignitas
925 2091 962 2144 et
973 2080 1084 2146 honor
1097 2091 1239 2164 propter
1251 2081 1371 2148 sancta

256 2189 342 2252 quae
365 2171 513 2248 obeunt;
548 2171 608 2236 sed
635 2173 690 2256 qui
713 2173 862 2254 sapiunt,
882 2173 967 2236 dant
990 2173 1156 2236 honorem
1179 2173 1328 2238 Domino
1350 2194 1370 2238 a

256 2283 323 2346 quo
343 2261 471 2338 sancta,
489 2275 524 2328 et
549 2284 616 2327 non
639 2267 720 2329 sibi:
745 2268 801 2348 qui
821 2276 937 2330 autem
960 2285 1029 2330 non
1052 2267 1199 2350 sapiunt,
1219 2269 1371 2332 tribuunt

256 2359 422 2422 honorem
445 2358 528 2436 sibi;
556 2359 591 2422 hi
614 2357 707 2438 illum
731 2361 885 2424 adimunt
910 2359 1069 2424 Domino.
1114 2359 1187 2441 Qui,
1207 2360 1370 2426 honorem
1428 2413 1431 2418 .

257 2453 410 2540 tribuunt
439 2452 502 2515 sibi
526 2463 664 2536 propter
687 2451 805 2518 sancta
835 2474 921 2536 quae
944 2455 1083 2530 obeunt,
1103 2455 1151 2518 iili
1181 2455 1371 2536 praeierunt

256 2547 423 2608 honorem
446 2557 481 2610 et
505 2545 634 2610 lucrum
657 2547 759 2611 saluti
782 2549 981 2624 animarum,
1001 2549 1053 2610 cui
1081 2547 1261 2632 consulent
1274 2570 1282 2625 ;
1316 2549 1372 2632 qui

257 2649 373 2704 autem
397 2639 562 2706 honorem
585 2641 669 2706 dant
693 2642 843 2706 Domino
866 2651 902 2706 et
925 2661 994 2705 non
1017 2641 1089 2714 sibi,
1109 2641 1158 2704 illi
1181 2641 1371 2724 praeferunt

257 2734 404 2798 salutem
423 2735 610 2800 animarum
629 2735 750 2800 honori
769 2745 804 2800 et
824 2735 927 2799 lucro.
973 2735 1005 2798 N
1009 2735 1095 2800 ullus
1111 2735 1221 2798 honor
1232 2735 1373 2818 alicujus

256 2826 436 2892 sundtionis
448 2830 482 2892 in
498 2849 643 2912 persona
658 2841 723 2906 est,
737 2831 797 2894 sed
814 2831 844 2894 ei
856 2829 1050 2913 adjungitur
1063 2829 1248 2894 secundum
1262 2829 1372 2911 digni·

258 2933 367 2986 tatem
387 2923 434 2986 rei
452 2943 553 3006 quam
569 2923 804 3002 administrat;
830 2933 864 2987 et
884 2925 975 3006 quod
994 2923 1199 3004 adjungitur,
1219 2922 1285 2986 hoc
1304 2942 1372 2986 non

227 3041 238 3067 ·
258 3018 360 3104 ipsius
383 3037 549 3100 personae
571 3026 635 3093 est,
656 3027 692 3082 et
714 3037 848 3100 quoque
874 3027 1052 3100 separatur
1075 3036 1152 3080 cum
1180 3014 1371 3080 sundtione:

259 3111 368 3198 honor
384 3113 417 3173 in
434 3131 579 3194 persona
597 3121 651 3174 est
667 3111 776 3178 honor
793 3111 981 3194 sapientiae
997 3122 1033 3175 et
1050 3111 1182 3186 timoris
1199 3110 1345 3174 Domini.

320 3209 418 3300 318.
449 3207 653 3274 Sacerdotes
681 3209 844 3293 populum
874 3210 1059 3286 docebunt,
1089 3229 1129 3272 ac
1159 3209 1287 3274 ducent
1316 3228 1374 3290 per

259 3323 339 3390 vera
357 3304 400 3366 ad
424 3304 550 3366 bonum
567 3304 677 3382 vitae;
699 3304 765 3370 -sed
785 3325 889 3386 usque
908 3303 1038 3368 nullum
1057 3313 1197 3385 cogent,
1216 3303 1374 3385 quoniam

259 3399 372 3462 nullus
391 3399 468 3480 cogi
486 3407 603 3481 potest
621 3398 665 3462 ad
684 3399 892 3462 credendum
911 3408 1032 3462 contra
1050 3395 1186 3480 idquod
1205 3397 1373 3478 cogitavit

259 3513 305 3558 ex
324 3493 426 3556 corde
446 3513 520 3555 esse
539 3511 677 3556 verum:
697 3493 757 3575 ¹qui
776 3491 876 3554 aliter
895 3491 1003 3554 credit
1026 3509 1127 3574 quam
1151 3491 1320 3564 sacerdos,
1339 3497 1375 3552 et

261 3607 330 3651 non
349 3587 465 3650 turbas
484 3587 575 3660 iacit,
596 3585 803 3668 relinquetur
822 3587 854 3648 in
877 3605 981 3668 pace;
1010 3595 1046 3648 at
1069 3585 1125 3666 qui
1148 3584 1265 3646 turbas
1283 3583 1373 3656 iacit,

260 3683 492 3766 separabitur;
527 3701 605 3744 nam
633 3681 699 3744 hoc
725 3681 830 3751 etiam
861 3689 914 3746 est
945 3681 1082 3754 ordinis,
1107 3689 1246 3760 propter
1275 3696 1373 3762 quem

260 3777 502 3862 sacerdotium,
536 3841 537 3844 Ἴ

270 3941 272 3946 ,
322 3891 420 3958 319.
450 3874 545 3940 Sicut
568 3875 765 3952 sacerdotes
787 3872 948 3958 praesedti
972 3882 1051 3938 sunt
1070 3871 1113 3936 ad
1133 3871 1374 3936 administran-

260 3971 341 4034 dum
364 3970 424 4033 illa
445 3991 532 4053 quae
557 3970 644 4052 legis
667 3970 810 4036 Divinae
834 3979 869 4034 et
897 3968 1012 4033 cultus.
1032 3977 1122 4042 sunt,
1145 3969 1194 4030 ita
1216 3986 1315 4048 reges
1341 3974 1375 4029 et

262 4065 482 4147 magistratus
506 4065 548 4130 ad
572 4065 879 4128 administrandum
901 4063 960 4126 illa
989 4083 1075 4146 quae
1099 4061 1186 4144 legis
1209 4059 1317 4124 civilis
1340 4068 1375 4122 et

257 4160 372 4242 judicii
392 4168 482 4222 sunt.
827 4229 828 4232 Ἴ

319 4265 420 4334 320.
448 4251 538 4333 Quia
555 4272 618 4316 rex
637 4271 706 4316 non
728 4249 822 4315 solus
847 4258 966 4334 potest
987 4247 1228 4312 administrare
1250 4245 1374 4318 omnia,

259 4345 337 4410 ideo
366 4354 445 4408 sunt
475 4341 634 4427 praesedti
663 4343 725 4408 sub
752 4342 822 4418 illo,
848 4359 990 4425 quorum
1020 4339 1183 4404 unicuivis
1211 4339 1296 4402 data
1323 4347 1376 4400 est

260 4439 434 4522 provincia
450 4438 708 4508 administrandi
724 4438 814 4521 quod
833 4457 895 4501 rex
911 4455 979 4500 non
999 4443 1116 4518 potest
1132 4443 1169 4498 et
1185 4433 1290 4498 valet.
1331 4429 1376 4494 Hi

263 4531 420 4618 praesciti
436 4534 534 4598 simul
550 4536 676 4618 sumpti
693 4536 908 4600 constituunt
923 4533 1064 4615 regium,
1079 4530 1143 4596 sed
1156 4531 1228 4614 ipse
1244 4547 1306 4592 rex
1323 4534 1376 4590 est

262 4651 422 4694 summus.
