3322 5298
319 669 358 737 52
592 671 768 725 CANONES
791 673 920 724 NOVAE
944 673 1158 725 ECCLESIAE.

381 855 408 924 5.
440 841 541 926 Quod
571 843 661 908 salus
684 847 817 927 generis
840 845 978 909 humani
1006 865 1026 909 a
1056 845 1225 909 Trinitate
1253 845 1327 919 Dei,
1348 864 1438 928 quaex

527 939 625 1001 simul
645 949 699 1003 est
716 939 853 1014 Unitas,
874 940 1033 1022 pendeat.

378 1031 408 1094 6.
441 1030 542 1113 Quod
571 1053 630 1114 per
652 1033 858 1096 Trinitatem
886 1033 950 1096 Dei
978 1055 1064 1116 quae
1088 1032 1187 1096 simul
1214 1042 1267 1098 est
1294 1032 1430 1105 Unitas,

459 1141 460 1147 ’
526 1127 739 1208 intelligatur
759 1126 882 1190 Divina
901 1127 1051 1191 Trinitas
1070 1129 1102 1190 in
1122 1147 1189 1190 una
1208 1128 1365 1190 Persona.

377 1233 407 1300 7.
439 1217 540 1300 Quod
565 1219 741 1294 Dominus,
765 1219 924 1284 Salvator
947 1223 1073 1292 mundi,
1098 1221 1251 1284 docuerit
1274 1222 1364 1304 quod
1388 1222 1431 1283 sit

526 1313 650 1377 Divina
665 1313 816 1378 Trinitas
831 1336 838 1392 ;
862 1313 1033 1390 videlicet,
1048 1315 1159 1389 Pater,
1172 1314 1287 1390 Filius,
1301 1325 1337 1377 et
1357 1313 1430 1396 Spi-
1458 1385 1465 1404 ι

525 1410 628 1472 ritus:

376 1589 480 1672 Jussit
500 1591 589 1653 enim
608 1589 781 1672 discipulis
803 1600 839 1654 ut
863 1591 1078 1673 baptizarent
1101 1591 1134 1653 in
1154 1592 1291 1654 nomine
1311 1591 1430 1664 Patris,

315 1683 403 1759 Filii,
424 1695 459 1749 et
478 1683 622 1767 Spiritus
641 1683 768 1749 Sandli.

379 1779 477 1843 Dixit
496 1780 600 1842 etiam
619 1779 708 1862 quod
729 1780 772 1842 ad
791 1779 878 1855 illos,
899 1800 944 1842 ex
965 1779 1076 1854 Patre,
1094 1780 1249 1843 mitteret
1270 1777 1430 1862 Spiritum

315 1871 490 1937 Sant‘tum.

379 1968 578 2031 Nominavit
607 1969 710 2031 etiam
738 1987 983 2050 saepenumero
1007 1969 1154 2043 Patrem,
1174 1978 1214 2031 et
1242 1965 1286 2031 Se
1309 1967 1429 2030 Filium

316 2059 421 2134 Illius,
442 2069 477 2125 et
501 2061 676 2142 inspiravit
700 2062 733 2123 in
753 2061 948 2144 discipulos,
968 2063 1096 2138 dicens,
1119 2061 1309 2144 “Accipite
1329 2059 1430 2144 Spiri-

315 2167 387 2218 tum
405 2153 596 2218 Sandtum.”

379 2249 491 2324 Porr0‚
506 2269 583 2312 cum
594 2249 691 2331 Jesus
708 2249 901 2332 baptizatus
917 2260 970 2314 est
986 2251 1020 2314 in
1035 2251 1194 2332 Jordane,
1210 2271 1280 2314 vox
1296 2271 1315 2313 e
1332 2250 1430 2313 Patre

313 2345 433 2418 exivit,
453 2345 581 2418 dicens,
604 2343 699 2406 “Hic
722 2354 776 2407 est
801 2345 905 2406 Filius
925 2365 1019 2407 meus
1036 2341 1210 2418 dilettusss’
1228 2355 1264 2408 et
1288 2343 1431 2426 Spiritus

314 2439 470 2520 apparuit
489 2439 551 2500 sub
569 2439 681 2520 specie
701 2437 878 2500 columbae
897 2459 997 2520 supra
1017 2438 1142 2522 Ipsum.

378 2531 476 2594 Dixit
490 2533 595 2595 etiam
607 2531 750 2612 angelus
763 2530 899 2595 Gabriel
913 2533 957 2594 ad
971 2531 1125 2606 Mariam,
1139 2530 1311 2614 “Spiritus
1324 2530 1429 2596 Sanc-

222 2629 230 2646 ·
314 2636 370 2688 tus
387 2628 502 2689 veniet
526 2647 625 2708 super
644 2636 690 2702 te,
711 2636 746 2689 et
766 2625 886 2689 Virtus
905 2626 1076 2690 Altissimi
1095 2627 1311 2690 obumbrabit
1331 2637 1377 2700 te,
1393 2637 1428 2689 et

315 2718 476 2785 Saudtum
496 2721 586 2804 quod
606 2722 755 2784 nascitur
774 2741 819 2784 ex
839 2731 874 2784 te
893 2721 1071 2784 vocabitur
1092 2721 1196 2784 Filius
1216 2721 1280 2784 Dei
1292 2721 1319 2783 :³¹
1340 2721 1430 2784 “Al-

314 2817 464 2878 tissimus
472 2814 487 2840 ’¹
507 2825 560 2878 est
579 2815 671 2878 Deus
691 2813 801 2878 Pater.

378 2907 540 2991 Apostoli
567 2910 671 2972 etiam
701 2910 734 2971 in
765 2911 833 2972 suis
861 2909 1015 2991 epistolis
1046 2909 1221 2973 multoties
1252 2911 1428 2973 nominant

314 3003 461 3078 Patrem,
480 3003 612 3075 Filium,
631 3012 666 3066 et
686 3000 846 3085 Spiritum
866 2999 1049 3081 Santtum;
1073 3013 1109 3067 et
1125 3003 1300 3085 Johannes
1318 3005 1352 3066 in
1371 3023 1429 3066 sua

314 3101 422 3182 prima
443 3095 554 3182 [dicit]
578 3096 693 3160 “Sunt
713 3108 782 3160 tres
805 3099 860 3180 qui
884 3097 1113 3162 testificantur
1132 3101 1165 3161 in
1188 3098 1296 3174 caelo,
1318 3099 1426 3173 Pater,

313 3192 476 3268 Verbum,
494 3201 529 3256 et
546 3189 690 3274 Spiritus
709 3189 853 3255 Sandtus
864 3191 890 3271 ;”
913 3203 979 3256 etc.

721 3491 1022 3505 Q

635 3732 793 3799 CAPUT
824 3731 1098 3798 SECUNDUM.

312 3957 424 4043 Quon
443 3973 538 4024 'ruas
555 3971 645 4034 ruer,
663 3959 802 4034 Pausa,
825 3957 963 4034 Fnrus,
984 3971 1032 4022 ar
1050 3955 1224 4022 Srrnrrus
1244 3955 1427 4034 Saucius,

438 4067 525 4119 surr
559 4067 652 4117 ‘rum
687 4065 937 4118 assummum
972 4065 1085 4117 umus
1122 4053 1213 4130 Ds1;
1251 4065 1428 4129 Quourau

438 4161 535 4213 suus
565 4157 684 4223 uuuu,
710 4159 1012 4224 Quauauuoouu
1040 4161 1178 4222 aurun,
1203 4160 1356 4222 conaus,
1381 4159 1428 4210 ar

439 4255 629 4309 orannim
652 4257 761 4308 uuuu
784 4255 881 4308 suut
903 4255 1004 4307 arur>
1028 4255 1223 4307 Housman.

332 4485 334 4490 .
377 4443 403 4491 1.
435 4425 536 4509 Quod
554 4425 676 4489 Divina
690 4426 849 4497 Trinitas,
863 4445 949 4507 quae
966 4423 1065 4488 simul
1082 4435 1134 4489 est
1148 4423 1284 4498 Unitas,
1299 4445 1424 4508 nequa-

521 4539 621 4602 quam
636 4521 742 4602 possit
759 4519 802 4581 ab
818 4519 889 4582 ullo
905 4519 1158 4602 comprehendi,
1173 4519 1236 4581 nisi
1249 4519 1335 4582 sicut
1353 4521 1424 4581 ani-

521 4635 587 4688 ma,
606 4635 736 4696 corpus,
754 4625 789 4678 et
813 4615 967 4695 operatio
991 4613 1179 4696 procedens
1202 4613 1292 4696 apud
1316 4613 1426 4676 homi-
