3322 5298
317 715 356 776 14
587 709 764 762 CANONES
786 709 917 762 Novae:
939 709 1155 762 ECCLESIAE.

375 897 406 960 4.
437 879 540 963 Quod
562 877 622 946 Sol
645 881 761 945 mundi
780 880 963 964 spiritualis
982 881 1027 946 sit
1045 901 1147 965 purus
1164 899 1261 945 amor
1282 899 1304 944 a
1324 879 1425 962 Jeho-

523 973 591 1038 vah
614 975 701 1051 Deo,
725 976 781 1058 qui
807 977 843 1038 in
869 976 983 1039 medio
1005 974 1076 1057 ejus
1098 984 1173 1054 est;
1203 983 1239 1039 et
1261 974 1354 1058 quod
1376 973 1426 1038 sol

523 1069 640 1134 mundi
658 1069 823 1133 naturalis
841 1070 886 1134 sit
905 1089 1007 1152 purus
1025 1069 1125 1152 ignis.

378 1177 405 1246 5.
438 1161 539 1246 Quod
556 1182 658 1228 omne
670 1164 761 1247 quod
776 1184 822 1228 ex
838 1161 919 1228 Sole
934 1163 1051 1229 mundi
1066 1161 1248 1246 spiritualis
1260 1162 1425 1245 procedit,

522 1259 568 1322 sit
586 1257 719 1337 vivum;
748 1267 784 1323 et
806 1257 898 1341 quod
920 1276 1023 1322 omne
1041 1257 1132 1341 quod
1155 1277 1201 1322 ex
1219 1255 1292 1322 sole
1311 1257 1426 1320 mundi

522 1351 697 1428 naturalis,
716 1353 761 1416 sit
780 1361 962 1417 mortuum.

374 1445 405 1511 6.
440 1444 541 1529 Quod
567 1445 649 1510 inde
674 1465 776 1510 omne
802 1445 894 1528 quod
919 1466 966 1510 ex
995 1444 1076 1511 Sole
1102 1445 1219 1510 mundi
1244 1443 1425 1529 spiritualis

522 1540 688 1624 procedit,
708 1541 752 1604 sit
775 1539 1033 1622 spirituale;·et
1056 1560 1158 1605 omne
1177 1541 1268 1624 quod
1290 1561 1336 1604 ex
1354 1539 1425 1604 sole

522 1633 639 1698 mundi
655 1634 829 1710 naturalis,
850 1634 894 1698 sit
912 1633 1079 1699 naturale.

373 1743 403 1810 7.
435 1727 537 1810 Quod
555 1727 712 1810 Jehovah
731 1728 836 1804 Deus,
853 1749 914 1810 per
929 1726 1046 1793 Solem
1065 1729 1099 1792 in
1118 1727 1211 1810 cujus
1229 1729 1342 1793 medio
1360 1741 1423 1804 est,

521 1823 687 1886 creaverit
713 1822 877 1886 mundum
903 1821 1135 1906 spiritualem
1168 1831 1204 1888 et
1234 1843 1294 1906 per
1323 1823 1422 1898 hunc,

521 1917 682 1992 mediate,
702 1917 864 1980 mundum
885 1917 1087 1981 naturalem.

373 2012 403 2075 8.
435 2009 537 2093 Quod
552 2011 739 2094 spiritualia
751 2013 820 2075 sint
835 2011 1085 2088 substantialia,
1098 2021 1134 2076 et
1150 2011 1241 2094 quod
1258 2013 1424 2078 naturalia

521 2107 589 2170 sint
601 2105 791 2170 materialia
803 2127 811 2184 ;
830 2114 867 2170 et
880 2106 971 2188 quod
985 2105 1070 2170 haec
1083 2107 1283 2172 exstiterint
1294 2117 1331 2172 et
1346 2109 1423 2172 sub·

519 2202 645 2266 sistant
664 2221 709 2264 ex
728 2201 804 2276 illis,
819 2201 907 2264 sicut
923 2200 1091 2282 posterius
1109 2221 1130 2264 a
1148 2201 1270 2282 priore,
1287 2221 1347 2266 seu
1362 2223 1422 2266 ex·

519 2297 624 2358 terius
642 2295 685 2358 ab
703 2294 863 2359 interiori.

371 2405 401 2470 9
434 2386 534 2471 Quod
561 2390 640 2454 inde
666 2389 781 2453 omnia
806 2409 893 2472 quae
922 2389 957 2452 in
987 2389 1115 2454 mundo
1141 2389 1306 2472 spirituali
1332 2400 1420 2466 sunt,

519 2485 624 2546 etiam
640 2483 674 2546 in
690 2483 818 2546 mundo
834 2481 979 2546 naturali
995 2485 1084 2563 sint;
1103 2503 1144 2547 ac
1157 2484 1326 2564 vicissim;
1345 2504 1420 2548 cum

519 2577 712 2641 discrimine
731 2573 956 2660 perfectionis.

354 2685 400 2734 10.
432 2669 533 2753 Quod
546 2667 650 2755 ¹¹¹quia
665 2671 821 2736 naturale
837 2672 943 2736 oritur
954 2691 1000 2736 ex
1015 2671 1192 2756 spirituali,
1206 2672 1294 2737 sicut
1311 2683 1420 2738 mate·

516 2766 598 2831 riale
621 2787 642 2830 a
664 2766 892 2842 substantiali,
913 2765 1021 2830 ubivis
1039 2765 1139 2830 simul
1158 2767 1247 2845 sint;
1274 2777 1311 2834 et
1329 2767 1418 2852 quod

518 2861 565 2925 sic
582 2860 755 2944 spirituale
771 2881 831 2944 per
847 2859 1002 2924 naturale
1018 2881 1095 2924 suas
1111 2858 1306 2926 activitates
1322 2883 1419 2927 exer·

519 2965 609 3031 ceat,
626 2964 662 3020 et
680 2954 872 3018 functiones
887 2951 1084 3037 ¹²¹0peretur.

353 3065 400 3113 ιι.
432 3047 533 3131 Quod
562 3049 640 3114 idea
669 3049 851 3112 creationis
880 3059 1046 3132 perpetuo
1075 3049 1207 3114 existat
1233 3049 1268 3113 in
1295 3051 1420 3114 mundo

516 3141 702 3225 spirituali;
729 3143 889 3225 quoniam
908 3144 1023 3207 omnia
1041 3163 1128 3226 quae
1150 3143 1195 3206 ibi
1213 3145 1369 3209 existunt
1387 3155 1420 3210 et

517 3235 613 3312 liunt,
629 3257 650 3300 a
667 3236 822 3320 Jehovah
842 3236 917 3301 Deo
935 3247 1114 3302 momento
1132 3247 1301 3302 creantur.

351 3347 398 3396 12.
430 3329 532 3414 Quod
563 3332 689 3396 circum
720 3333 978 3422 unumquemvis
1003 3331 1165 3415 angelum
1192 3333 1227 3396 in
1253 3331 1352 3396 caelo
1377 3333 1419 3397 sit

516 3425 593 3490 idea
610 3425 826 3490 creationis*

351 3537 399 3604 13.
431 3518 533 3602 Quod
551 3522 641 3585 inter
658 3519 717 3584 illa
739 3541 825 3604 quae
848 3521 964 3585 mundi
987 3520 1171 3603 spiritualis
1193 3531 1284 3598 sunt,
1304 3530 1341 3587 et
1363 3521 1419 3586 illa

516 3635 603 3698 quae
625 3615 741 3678 mundi
764 3615 938 3690 naturalis,
963 3616 1008 3680 sit
1030 3616 1354 3698 correspondentia;
1384 3625 1418 3682 et

515 3729 576 3791 per
593 3709 942 3792 correspondentiam,
961 3709 1134 3792 utriusque
1153 3707 1357 3792 conjunctio.

351 3821 397 3884 14.
429 3803 487 3868 Ex
516 3803 569 3867 his
595 3811 693 3886 patet
716 3803 806 3886 quod
833 3805 962 3869 creatio
984 3805 1129 3868 universi
1152 3825 1173 3868 a
1195 3803 1272 3869 Deo
1295 3825 1362 3870 uno
1384 3814 1418 3869 et

514 3896 657 3974 infinito,
670 3899 743 3962 sine
758 3899 895 3980 praevia
907 3899 1105 3982 cognitione
1120 3899 1163 3962 de
1180 3899 1308 3964 mundo
1323 3900 1418 3982 spiri·

347 4121 364 4158 t
382 4121 560 4183 [annonario
575 4131 594 4169 u
608 4121 868 4182 »cauom-1012&
877 4121 902 4168 in
912 4123 1004 4169 mundo
1014 4121 1128 4183 spirituali
1137 4123 1170 4170 sd
1177 4123 1276 4170 ouum
1285 4123 1361 4170 subn
1367 4135 1420 4184 por-

302 4193 332 4238 sit
342 4190 431 4238 mallo
438 4191 514 4238 :-lbi
525 4191 607 4236 omnis
615 4195 726 4237 uantur
735 4203 752 4236 a
766 4189 881 4245 Domino,
891 4195 919 4236 ut
933 4197 1070 4236 momento:
1087 4190 1175 4238 domm
1185 4197 1302 4244 uenum,
1312 4189 1421 4238 milia

302 4261 390 4307 domus
399 4263 517 4312 anatur,
527 4257 575 4305 eibi
585 4263 703 4312 mnu,
712 4263 790 4303 mres
799 4263 921 4313 anatur:
937 4257 996 4317 agri,
1006 4257 1077 4312 horti,
1087 4258 1166 4318 campi
1176 4265 1298 4315 maur
1315 4258 1420 4318 pendes

302 4335 326 4374 et
336 4333 444 4374 menta
453 4331 570 4372 anatur.
603 4323 649 4370 illa
662 4329 688 4370 et
701 4323 828 4370 ionum
842 4324 889 4370 alia
902 4326 1155 4372 castrumduni
1170 4324 1310 4372 Mona
1324 4331 1350 4372 et
1363 4325 1420 4372 ture

300 4389 1420 4454 perceptionemgelonm,etsppmmeuomnfflos,etperdmrqmdluhfflo

300 4463 372 4508 nibus
389 4461 542 4513 missitaret
556 4464 709 4505 remorentur
722 4457 863 4518 utprimum
878 4458 933 4505 utne
947 4466 1047 4506 mr.
1078 4459 1109 4506 ln
1122 4457 1421 4508 herasmus-nur

300 4535 429 4588 serpentes
440 4533 464 4573 er
473 4527 563 4574 bestiae
573 4533 597 4573 et
607 4539 663 4573 sves
672 4525 830 4580 eudaemon
838 4523 1240 4584 quoduloreennusnomiuoud
1249 4529 1317 4586 quod
1326 4535 1420 4576 mun-

301 4595 553 4643 turbonslnmaln.
593 4589 1419 4652 ludeparerquodonnhtnnundowmnunnoutmr

301 4662 432 4722 alligantur
441 4675 485 4722 per
494 4660 611 4709 natural'u
620 4673 683 4721 quae
693 4661 851 4710 circumdem.
