3352 5298
460 705 508 757 ΕΤ
531 704 615 773 EJUS
638 704 836 758 DOCTRINA
859 703 1132 786 canusia—N.
1149 705 1199 772 27.
1349 705 1391 772 29

356 875 415 930 uod
429 871 548 929 ailetlio
560 871 622 928 veri
635 883 666 929 et
678 871 797 929 01100110
810 873 881 928 0001
895 872 925 926 10
939 871 1065 926 naturali
1079 871 1201 926 homine
1213 887 1246 926 ae
1261 870 1392 928 habeant

273 954 306 998 ut
333 955 410 999 rater
424 955 455 1000 et
473 960 566 1008 soror,
580 945 609 998 in
628 944 773 1016 spirituali
788 955 888 998 autem
904 942 1025 997 homine
1044 953 1078 996 ut
1092 943 1183 997 viret
1200 942 1266 1012 eius
1285 942 1392 998 mulier

275 1019 315 1081 (n.
329 1015 419 1083 3160).

327 1131 416 1205 Quod
443 1149 518 1204 pura
534 1149 605 1188 vera
623 1149 682 1188 non
706 1131 815 1188 dentur
832 1132 911 1202 apud
933 1131 1094 1194 hominem,
1113 1147 1151 1188 ne
1172 1130 1292 1203 quidem
1311 1132 1391 1202 apud

274 1204 422 1275 angelum.
435 1205 488 1259 sed
501 1204 597 1259 solum
611 1204 691 1274 apud
706 1203 868 1258 Dominum
883 1205 923 1272 (n.
938 1215 1014 1271 3207,
1028 1204 1119 1272 7902).

326 1273 415 1416 guod
429 1289 499 1329 vera
511 1275 592 1344 apud
605 1274 757 1329 hominem
770 1274 831 1328 sint
843 1273 1033 1356 apparentiae
1045 1273 1108 1328 veri
1123 1273 1163 1342 (0.
1174 1285 1250 1342 2053,
1262 1274 1352 1342 2519).

356 1345 417 1398 000
431 1343 525 1415 prima
534 1360 605 1399 vera
616 1345 695 1415 apud
709 1344 861 1399 hominem
874 1353 934 1398 sint
946 1343 1135 1414 apparentiae
1147 1344 1209 1398 veri
1219 1359 1255 1398 ex
1268 1342 1392 1399 fallaciis

273 1429 512 1553 00000010,ουαο
530 1425 630 1470 tamen
650 1415 816 1470 successive
834 1423 991 1476 exuuntur,
1004 1413 1082 1468 sicut
1099 1415 1198 1486 quoad
1214 1413 1391 1485 sapientiam

274 1483 620 1638 perfichoudragpgrlgnzlae
632 1556 694 1610 veri
707 1555 787 1626 apud
801 1554 953 1610 hominem
968 1554 1019 1625 qul
1036 1553 1065 1608 in
1081 1555 1163 1610 bono
1180 1563 1235 1617 est,
1248 1553 1392 1625 recipian-

273 1635 353 1680 tura
367 1623 499 1680 Domino
512 1641 567 1695 pro
579 1626 656 1680 veris
672 1627 711 1692 (n.
726 1637 803 1694 2053,
817 1625 907 1694 3207).

327 1693 407 1768 Quid
425 1705 457 1750 et
475 1696 578 1768 quales
595 1695 786 1766 apparentiae
801 1695 863 1750 veri
884 1697 925 1764 (0.
945 1708 1022 1764 3207,
1043 1693 1207 1765 3357-3362,
1217 1694 1294 1764 3368,
1314 1709 1391 1765 3404,

274 1768 533 2048 μοὲἕῖὲηωε
547 1837 665 1892 litterae
678 1835 769 1892 Verbi
788 1835 898 1908 pluries
910 1835 950 1891 sit
964 1836 1127 1892 secundum
1143 1836 1330 1907 apparentiae
1350 1843 1391 1903 (0.

277 1905 326 1976 ¹8³
356 1947 416 2031 uod
429 1977 533 2032 eadem
543 1939 613 2044 vera
625 1977 704 2048 apud
718 1993 810 2032 unum
824 1977 885 2033 sint
898 1957 992 2050 magis
1001 1992 1080 2040 vera.
1090 1976 1169 2048 apud
1181 1977 1273 2032 aliurn
1284 1975 1391 2038 minus,

273 2056 334 2101 eta
356 2047 395 2100 ud
409 2047 499 2101 alium
512 2047 586 2102 falsa
598 2049 668 2119 quia
680 2047 834 2103 falsificata
848 2049 887 2117 (n.
903 2049 993 2118 2439).

327 2063 416 2189 6000
435 2118 613 2173 venetiam
635 2119 697 2184 sint
713 2134 784 2174 vera
805 2119 969 2173 secundum
994 2117 1289 2189 correspondentiam
1314 2117 1393 2172 inter

274 2187 438 2242 naturalem
451 2199 482 2243 et
495 2188 678 2260 spiritualem
692 2187 845 2243 hominem
861 2190 901 2258 (n.
914 2188 991 2258 3128,
1005 2189 1095 2258 3138).

326 2255 416 2329 Quod
430 2273 500 2313 vera
518 2257 658 2313 differant
676 2260 840 2315 secundum
858 2261 955 2328 varias
973 2260 1055 2314 ideas
1076 2269 1108 2314 et
1128 2259 1333 2330 perceptiones
1354 2258 1392 2315 00

275 2327 333 2382 illie
348 2331 389 2396 (n.
403 2341 480 2397 3470,
495 2328 571 2398 3804,
584 2329 676 2399 6917).

327 2445 416 2520 9000
435 2463 630 2510 1010000010
649 2446 844 2518 conjunctum
860 2459 907 2504 est
925 2449 1014 2512 bono,
1030 2458 1187 2504 evanescat
1204 2464 1221 2504 e
1240 2448 1392 2511 memoria,

273 2517 343 2588 quia
355 2527 427 2572 tunc
439 2517 474 2572 iit
484 2518 564 2573 vitae
578 2520 618 2587 (n.
632 2519 721 2587 3108).
957 2527 959 2531 ’

376 2587 416 2642 00
429 2603 500 2642 vera
512 2599 661 2659 nequeant
673 2590 816 2661 conjungi
829 2590 910 2645 bono
923 2589 979 2644 nisi
994 2589 1023 2644 in
1036 2599 1116 2645 statu
1129 2589 1224 2646 110010
1238 2591 1278 2659 (n.
1292 2588 1383 2659 3158).

356 2658 416 2712 000
438 2673 509 2714 vera
532 2658 754 2731 conjungantur
774 2659 855 2715 bono
876 2675 929 2732 per
947 2660 1129 2717 tentationes
1152 2662 1192 2732 (0.
1214 2659 1292 2730 3318,
1313 2671 1392 2730 4572,

274 2740 343 2794 7122
359 2768 366 2783 .
842 2782 847 2793 ,

356 2799 416 2854 uod
430 2799 511 2854 0000
525 2798 595 2854 insit
607 2800 768 2856 continuus
780 2810 907 2857 conatus
920 2801 1078 2857 ordinandi
1091 2817 1168 2866 vera,
1178 2809 1210 2856 et
1224 2800 1280 2856 sibl
1295 2815 1349 2872 per
1362 2799 1391 2854 id

273 2877 385 2924 statum
399 2869 575 2934 restituendi
590 2871 630 2939 (0.
644 2869 734 2939 3610).

327 2936 416 3011 Quod
432 2955 503 2994 vera
521 2949 684 3010 appareant
699 2941 862 3012 injucunda
876 2957 944 2998 cum
961 2942 1147 3014 intercipitur
1158 2940 1393 2998 communicatio

273 3024 341 3064 cum
356 3009 437 3065 bono
453 3011 493 3078 (n.
506 3009 597 3080 8352).

327 3077 416 3152 911οο
430 3079 522 3136 00100
535 3095 621 3152 aegre
634 3080 818 3154 distinguere
831 3081 926 3154 possit
938 3083 1017 3138 inter
1028 3099 1132 3139 verum
1144 3091 1176 3138 et
1188 3083 1309 3146 bonurn,
1321 3081 1393 3152 quia

272 3165 360 3222 aegre
374 3150 451 3205 inter
463 3151 594 3222 cogitare
606 3161 637 3207 et
649 3151 727 3206 velle
742 3153 782 3220 (0.
796 3153 887 3223 9995).

356 3221 415 3275 000
429 3221 541 3275 bonum
555 3220 585 3276 in
596 3221 697 3276 Verbo
709 3222 826 3278 dicatur
835 3223 972 3279 “irater''
985 3223 1047 3279 veri
1062 3224 1102 3295 (n.
1115 3223 1206 3292 4267).

376 3291 415 3346 00
426 3289 515 3346 etiam
527 3291 558 3345 in
567 3303 651 3346 certo
661 3290 797 3364 respectu
808 3295 921 3350 bonum
931 3295 1048 3350 dicatur
1054 3292 1242 3357 “dominus''
1249 3303 1281 3349 et
1287 3308 1391 3349 verum

272 3360 421 3416 “servus’'
433 3363 473 3429 (0.
488 3375 565 3431 3409,
576 3362 668 3430 4267).
