3338 5300
589 681 682 746 Qum
704 682 983 734 vestano-u.
1001 683 1071 753 5ss
1335 671 1374 754 ⁶5

257 849 389 933 angelis
415 862 615 934 apparerent
642 853 728 917 sicut
758 853 915 936 sculptile
942 853 1091 918 articulis
1120 853 1299 918 mobilibus
1326 855 1376 918 in-

258 943 422 1008 structum
445 957 480 1010 et
503 947 707 1022 incavatum,
732 949 820 1011 intra
843 949 933 1030 quod
956 949 1074 1031 aliquis
1097 949 1146 1012 vir
1169 950 1292 1014 Levita
1314 951 1375 1013 im·

258 1041 378 1104 missus
397 1041 596 1118 ambularet,
614 1053 743 1124 ageret,
761 1053 795 1106 et
816 1043 1018 1126 loqueretur,
1036 1054 1071 1107 et
1091 1045 1231 1108 tandem
1250 1045 1376 1109 clama-

257 1146 309 1198 ret
328 1137 446 1199 turbae
465 1138 730 1219 superstitiosae,
750 1139 987 1201 “Prosternite
1005 1158 1077 1212 vos,
1097 1139 1273 1218 invocate;
1297 1161 1377 1204 ecce

258 1249 322 1304 me,
337 1230 446 1294 Deum
463 1230 596 1307 Larem,
611 1231 807 1295 Tutelarem
825 1243 987 1308 vestrum,
1001 1233 1052 1295 cui
1069 1231 1232 1297 sanctitas
1249 1246 1283 1297 et
1300 1235 1377 1298 diva

258 1325 438 1406 potestas.”
483 1325 574 1388 Num
592 1326 688 1390 ideae
704 1327 922 1408 cogitationis
940 1326 1074 1390 illorum
1091 1328 1133 1392 de
1149 1328 1377 1410 spiritualibus

259 1419 434 1483 Ecclesiae
453 1422 643 1502 potuissent
663 1422 851 1502 superiores
870 1441 944 1484 esse
967 1422 1050 1484 ideis
1073 1423 1292 1504 cogitationis
1316 1423 1377 1486 Ni·

257 1514 401 1590 codemi,
424 1517 482 1598 qui
502 1515 564 1578 suit
586 1513 715 1590 doctor,
739 1515 783 1578 de
805 1517 1073 1598 regeneratione,
1093 1515 1183 1598 quod
1207 1527 1298 1581 esset
1322 1527 1377 1581 to·

257 1609 323 1672 tius
342 1609 486 1672 hominis
505 1612 717 1673 renascentia
736 1611 768 1672 in
789 1619 886 1674 utero
905 1611 1045 1674 matris?
1091 1610 1189 1674 Dixit
1208 1613 1308 1686 enim,

308 1757 478 1823 “Quomodo
495 1767 584 1821 potest
603 1757 708 1807 horno''
720 1757 810 1807 denuo
827 1759 969 1820 generari?
1004 1757 1102 1807 “Num
1120 1767 1210 1821 potest
1227 1759 1254 1808 ln
1272 1768 1377 1808 uterum

387 1823 482 1873 matris
497 1824 647 1872 secundum
662 1823 798 1885 ingredit'
841 1822 891 1872 Cui
909 1824 1048 1886 respondit
1070 1823 1211 1882 Dominus,
1229 1825 1330 1873 “Tune
1348 1839 1377 1874 es

388 1890 518 1951 magister
534 1889 559 1937 in
581 1889 688 1944 lsraele,
703 1899 729 1938 et
746 1883 837 1937 haecl¹l
856 1903 911 1937 non
930 1890 1021 1939 nosti?
1154 1889 1182 1939 Si
1200 1899 1307 1939 terrena
1323 1890 1377 1938 dixi

387 1956 464 2004 vobis
482 1963 509 2004 et
526 1969 584 2003 non
593 1955 708 2012 creditis,
723 1954 862 2016 quomodo
870 1955 894 2004 si
911 1955 1006 2004 dixero
1016 1955 1093 2004 vobis
1105 1956 1312 2018 supracaelestia
1323 1970 1378 2004 cre·
1457 2011 1463 2028 κ

387 2019 489 2070 ᾱεῑίεἳ’
506 2019 580 2085 (Joh.
593 2021 629 2068 iii.
642 2031 665 2080 3,
677 2034 701 2079 4,
713 2035 738 2082 9,
750 2016 802 2084 10[,
817 2016 882 2083 12].)

258 2176 419 2242 Similiter
448 2176 683 2240 deliravissent
714 2177 743 2238 si
771 2175 840 2238 illis
866 2173 1005 2240 detecta
1033 2175 1174 2240 luissent
1204 2177 1376 2254 interiora,

258 2295 344 2356 quae
366 2274 399 2336 in
423 2293 482 2336 sua
501 2273 650 2335 essentia
669 2270 855 2353 spiritualia
875 2281 965 2346 sunt,
986 2271 1031 2334 de
1051 2269 1117 2334 fide
1139 2280 1175 2333 et
1198 2271 1375 2346 charitate,

258 2378 293 2432 et
312 2388 445 2450 quoque
468 2367 538 2429 vita
562 2375 640 2448 post
664 2375 821 2440 mortem,
842 2365 951 2448 deque
970 2373 1063 2428 statu
1082 2365 1167 2428 caeli
1191 2375 1225 2429 et
1249 2366 1376 2430 inferni.

259 2459 476 2544 Quapropter
501 2463 629 2544 aperire
659 2461 766 2522 visum
797 2461 969 2523 internum
998 2460 1122 2522 mentis
1153 2480 1211 2523 seu
1242 2461 1377 2542 spiritus

258 2576 373 2621 eorum
397 2555 507 2639 quoad
531 2557 705 2638 regionem
729 2555 934 2636 superiorem
957 2551 1037 2635 ejus,
1061 2573 1161 2636 quarn
1185 2553 1293 2618 solam
1318 2555 1376 2620 lux

259 2651 417 2716 caelestis
444 2651 602 2724 illustrat,
634 2661 718 2713 ante
743 2649 945 2712 Adventum
972 2647 1120 2724 Domini,
1149 2650 1205 2732 qui
1235 2659 1272 2712 ut
1299 2649 1377 2714 Lux

258 2747 352 2810 venit
369 2747 401 2809 in
418 2746 590 2820 mundum,
606 2747 692 2808 sicut
710 2743 787 2826 Ipse
804 2745 885 2806 dicit
905 2741 1000 2825 (Jolr.
1014 2745 1033 2806 i.
1050 2759 1127 2822 1-43
1151 2763 1224 2826 cap.
1238 2745 1302 2807 viii.
1320 2761 1375 2823 12;

259 2861 331 2924 cap.
352 2843 408 2904 xii.
430 2855 483 2922 35,
501 2840 550 2920 36,
570 2840 641 2921 46),
665 2850 740 2902 tam
759 2837 967 2921 impossibile
989 2837 1050 2902 suit
1077 2839 1163 2902 sicut
1187 2848 1239 2902 est
1267 2837 1376 2902 lacere

259 2956 381 3020 equum
397 2936 512 2999 volare
528 2945 563 2998 et
583 2935 676 2998 illurn
693 2943 825 2997 vertere
845 2935 877 2995 in
898 2933 1075 3016 Pegasum,
1093 2952 1228 2995 cervum
1246 2953 1377 2997 currere

259 3031 292 3094 in
318 3051 407 3106 aere,
431 3029 574 3094 vitulum
601 3049 700 3110 super
726 3029 841 3110 aquis;
873 3029 987 3102 immo,
1012 3027 1099 3090 sieut
1125 3026 1213 3090 soret
1238 3037 1376 3109 agatem

259 3136 458 3190 convertere
474 3125 507 3188 in
523 3124 688 3200 rubinum,
706 3121 904 3203 crystallum
922 3123 954 3183 in
971 3121 1200 3196 adamantem,
1219 3141 1256 3184 ac
1275 3121 1377 3204 lapidi

259 3220 389 3302 vulgari
408 3219 523 3282 indere
542 3237 663 3281 venam
683 3218 837 3298 argenti;
861 3226 919 3278 aut
938 3215 1048 3278 lacere
1067 3225 1105 3278 ut
1124 3215 1234 3278 laurus
1254 3215 1376 3298 produ-

259 3325 316 3380 cat
335 3335 427 3388 uvas,
448 3313 569 3376 cedrus
586 3312 703 3386 olivas,
721 3311 865 3392 populus
887 3320 922 3372 et
946 3329 1088 3392 quercus
1107 3311 1178 3392 pira
1196 3319 1232 3373 et
1256 3330 1376 3392 poma;

260 3410 400 3494 proinde
416 3409 519 3472 etiam
536 3409 624 3470 sicut
639 3419 691 3470 est
708 3405 929 3468 auscultatori
949 3405 1047 3468 Davo
1063 3404 1235 3468 infundere
1251 3403 1377 3468 intelli·

260 3505 415 3588 gentiam
431 3503 594 3566 antistitis
614 3499 745 3582 Oedipi.

322 3613 393 3682 55.
424 3596 513 3678 Quid
536 3605 650 3659 autem
674 3595 833 3669 vastatio,
855 3603 889 3657 et
913 3593 1003 3656 unde
1025 3592 1083 3656 illa
1105 3594 1193 3676 apud
1217 3593 1377 3676 populum

249 3693 440 3758 *Ecclesiae
454 3689 671 3762 Israeliticae,
689 3689 825 3752 extrahi
844 3697 959 3771 potest
976 3709 995 3751 e
1014 3687 1097 3752 locis
1114 3687 1169 3751 ubi
1185 3690 1378 3752 nominatur

260 3789 348 3872 apud
369 3787 566 3869 Prophetas,
587 3805 672 3868 quae
691 3785 768 3846 ideo
787 3785 819 3846 in
839 3784 937 3865 copia
956 3783 1037 3845 inde
1051 3781 1271 3846 adducentur.

324 3879 665 3946 Praememorandum
679 3887 731 3941 est
745 3877 835 3960 quod
848 3879 880 3939 in
895 3876 1113 3960 sequentibus
1123 3886 1157 3940 et
1171 3877 1377 3959 subsequen·

260 3976 361 4052 tibus,
382 3995 468 4058 quae
491 3984 569 4038 sunt
593 3995 637 4036 ex
661 3971 788 4044 Verbo,
814 3992 872 4054 per
893 3969 1085 4034 “Terram’'
1103 3971 1148 4033 ibi
1170 3969 1378 4052 significetur

262 4069 429 4144 Ecclesia,
449 4069 526 4152 quia
548 4065 751 4148 intelligitur
773 4065 878 4129 Terra
902 4063 1052 4140 Canaan,
1076 4064 1110 4128 in
1133 4085 1198 4148 qua
1221 4063 1378 4128 Ecclesia

260 4165 341 4244 luit3
370 4185 430 4248 per
450 4161 650 4236 “Zionem,”
669 4159 826 4224 Ecclesia
849 4159 960 4242 quoad
979 4157 1151 4236 Verbum;
1180 4179 1239 4240 per
1261 4157 1376 4222 “Hie-

261 4257 498 4340 rosolymam’'
516 4255 673 4321 Ecclesia
691 4255 802 4338 quoad
822 4251 1009 4317 doctrinam
1033 4273 1052 4317 e
1070 4251 1207 4330 Verbo;
1241 4273 1300 4334 per
1322 4275 1376 4316 ur-

260 4354 321 4417 bes
350 4354 405 4428 ibi,
433 4349 653 4428 doetrinalia;
690 4371 749 4432 per
779 4359 924 4422 montes,
953 4346 1070 4422 colles,
1098 4345 1215 4422 valles,
1247 4345 1375 4422 fluvios,

260 4447 414 4512 formalia
440 4445 636 4522 Ecclesiae;
668 4453 704 4507 et
731 4463 790 4526 per
813 4439 941 4506 tractus
968 4451 1078 4505 terrae
1104 4441 1160 4514 ibi,
1185 4442 1377 4504 communia

261 4541 448 4616 Ecclesiae,
469 4549 504 4604 et
527 4539 612 4602 haec
635 4538 820 4602 secundum
843 4536 1191 4618 repraesentationem
1213 4533 1334 4598 Tribus
1356 4555 1377 4597 a

261 4657 326 4718 qua
346 4635 616 4718 possidebantur.
