3352 5298
431 660 481 713 22
503 661 587 729 22502
610 660 808 714 00222222
830 661 1192 730 CAELEST1.-N.107.
1334 647 1378 736 69

260 828 1378 984 ‚-r‚2ulultmnlnlllltil?alleluiatiallatis:

417 973 510 1028 honio
521 982 639 1029 tantum
652 973 772 1028 recedat
784 987 802 1027 a
814 972 967 1042 sapientia,
977 980 1121 1042 quantum
1136 985 1155 1026 a
1169 971 1328 1032 charitate:
1347 979 1378 1026 et

261 1059 281 1114 q
356 1043 386 1098 in
400 1042 567 1114 ignorantia
579 1043 617 1098 de
629 1043 707 1098 veris
720 1041 837 1098 Divinis
849 1043 910 1098 sint
922 1041 973 1112 qui
989 1057 1049 1096 non
1062 1041 1093 1096 in
1105 1039 1258 1102 charitate,
1271 1051 1377 1096 utcun-

262 1128 321 1184 que
334 1129 367 1168 22
379 1113 506 1168 credunt
517 1127 620 1183 sapere
635 1115 676 1181 (n.
689 1112 784 1182 2416st
798 1113 887 1194 2427)
901 1111 1001 1235 2455ζ.
1024 1181 1030 1194 ⁸
1080 1183 1085 1193 Ι

314 1181 403 1256 Quod
418 1183 481 1238 vita
494 1183 628 1254 angelica
641 1181 785 1238 consistat
804 1199 834 1236 22
849 1181 936 1238 bonis
950 1198 966 1236 c
989 1191 1111 1244 antatrs,
1123 1196 1199 1252 quae
1213 1191 1283 1236 sunt
1297 1197 1376 1243 usus,

261 1253 596 1336 mutandam-essi,
759 1323 765 1336 ,
905 1322 936 1336 ..
1141 1321 1147 1334 ,
1197 1321 1203 1333 ,
1259 1321 1264 1334 ,

314 1321 403 1396 Quod
416 1323 513 1394 angeli
526 1323 702 1394 spintuales‚
715 1339 766 1393 qui
779 1333 849 1378 sunt
861 1337 913 1393 qui
928 1339 958 1388 22
973 1323 1055 1378 bono
1067 1321 1228 1383 2122222222,
1241 1331 1302 1376 2222
1316 1320 1376 1376 102-

245 1375 547 1463 ’2222212222ῑί20
562 1405 620 1464 ⁵⁵3,
634 1393 711 1462 ³⁸04.
724 1395 816 1462 oso·

314 1507 402 1584 Quod
416 1511 518 1580 omnia
528 1503 599 1566 vera
611 1527 626 1566 s
647 1511 774 1568 iritualia
786 1509 921 1582 29211222
933 1511 1108 1566 charitatem
1121 1521 1155 1565 ut
1169 1527 1254 1566 suum
1269 1509 1376 1580 princi·

262 1527 647 1666 piumetfinemgnfflf.
702 1651 709 1666 ι
784 1651 823 1665 ..
899 1652 905 1664 ι
1005 1651 1037 1664 ..
1273 1651 1279 1664 ·

344 1651 403 1706 uod
419 1649 593 1706 2011222122
605 1651 746 1707 ecciesiae
762 1651 834 1706 221221
850 1651 968 1714 iaciant,
982 1668 1038 1706 2222
1053 1649 1187 1722 speeiem
1199 1650 1375 1706 charitatem

261 1729 295 1776 ut
348 1737 396 1776 2222
410 1723 450 1792 (2.
464 1735 542 1792 2049,
555 1721 646 1789 2226).

313 1835 402 1912 Quod
424 1840 591 1911 praesentia
613 1839 733 1896 Domini
755 1841 834 1911 apud
856 1841 993 1896 homines
1017 1851 1048 1896 et
1072 1855 1109 1894 22
1148 1840 1246 1896 losse
1268 1839 1376 1902 habeat

261 1911 423 1965 secundum
437 1921 548 1966 statum
560 1910 671 1966 amoris
683 1920 714 1966 et
725 1909 878 1966 charitatis
891 1927 993 1966 eorum
1008 1909 1140 1980 (26491
1154 1911 1224 1979 549].
1237 1911 1311 1978 904).

363 1981 403 2036 02
415 1980 546 2036 2122221222
563 1981 603 2036 ait
612 1981 711 2052 imago
726 1980 781 2036 Dei
798 1983 838 2048 (2.
854 1983 943 2049 2025).

362 2051 403 2105 02
426 2051 507 2106 intus
529 2051 558 2106 in
579 2051 725 2106 charitate
745 2051 785 2105 sit
805 2067 891 2106 amor
911 2051 940 2105 in
964 2049 1136 2111 Dominum.
1156 2052 1198 2106 ita
1220 2049 1375 2112 Dominus,

260 2121 379 2176 22222221
392 2120 484 2176 homo
497 2121 527 2176 id
540 2121 635 2176 222212
648 2123 689 2190 (n.
702 2133 779 2186 2227,
794 2121 870 2190 5066,
885 2121 975 2190 5067).

313 2189 402 2264 Quod
411 2191 462 2262 qui
475 2189 629 2246 charitatis
638 2192 730 2246 vitam
740 2191 853 2254 vivunt,
863 2191 978 2262 accepti
988 2191 1068 2248 cives
1077 2191 1137 2246 sint
1146 2201 1207 2246 2222
1222 2191 1252 2245 12
1263 2191 1376 2262 mundo

260 2276 349 2332 22222
362 2261 392 2315 12
404 2262 488 2316 melo
500 2264 541 2330 (2.
557 2262 645 2330 2222).

313 2329 402 2403 Quod
415 2347 477 2386 non
489 2331 662 2387 violandum
674 2331 714 2387 sit
726 2333 837 2388 bonum
851 2331 1005 2388 eharitatis
1017 2334 1059 2401 (2.
1069 2333 1159 2401 2559).

312 2449 402 2524 Quod
416 2451 468 2524 qui
483 2468 544 2508 non
559 2451 589 2506 in
604 2453 750 2508 charitate
762 2463 840 2516 sunt,
853 2469 914 2508 non
930 2454 1045 2523 possint
1059 2468 1219 2525 agnoscere
1233 2464 1264 2507 et
1278 2453 1376 2508 colere

262 2519 432 2586 Dominum,
445 2521 551 2584 nisiex
565 2523 713 2606 hypocrisi
724 2525 765 2606 (n.
779 2537 856 2606 2252.
868 2537 947 2590 4424,
960 2523 1052 2607 9833).

312 2589 400 2664 Quod
413 2591 527 2648 1022222
536 2594 599 2648 0222
611 2603 642 2648 et
654 2591 809 2649 2122222222
821 2609 882 2648 202
896 2605 1012 2664 possint
1023 2594 1112 2649 222221
1126 2609 1190 2648 esse
1204 2595 1244 2662 (n.
1260 2591 1349 2661 1860).

311 2765 398 2828 107.
424 2753 481 2812 His
495 2755 663 2828 adjicienda
677 2764 749 2811 sunt
763 2754 863 2826 aliqua
877 2756 915 2810 de
932 2753 1076 2810 Doclrina
1091 2755 1211 2811 Amoris
1227 2757 1257 2811 in
1272 2757 1377 2814 Domi·

260 2851 346 2900 nunu
370 2845 402 2892 et
420 2837 458 2891 de
476 2833 620 2891 Dollrina
636 2834 805 2898 Charitatis.
823 2835 896 2892 haec
914 2836 1011 2906 qualis
1028 2834 1124 2890 122222
1140 2837 1278 2908 antiquis.
1296 2840 1376 2910 apud

260 2931 334 2986 quos
347 2913 405 2971 luit
419 2916 559 2980 20212212;
580 2926 614 2971 ut
632 2916 743 2972 sciatur
755 2917 850 2987 qualis
869 2915 943 2971 haec
961 2914 1104 2978 20612122,
1117 2933 1193 2988 quae
1212 2919 1302 2974 hodie
1314 2936 1376 2976 non

259 3005 312 3060 est,
325 2995 407 3068 prius
420 2995 530 3052 iuerat:
548 2997 638 3052 etiam
651 3013 688 3052 ex
700 2999 829 3051 Arcam's
842 2997 1010 3052 caelestibus
1025 2998 1065 3066 (2.
1075 2998 1246 3068 7257-7263)
1256 3015 1299 3052 :—

312 3073 429 3132 Bonum
444 3077 526 3148 quod
541 3087 588 3134 222
601 3077 713 3132 22220212
732 3077 762 3132 12
779 3075 951 3140 Dominum,
966 3087 1092 3132 vocatur
1106 3079 1217 3133 bonurn
1233 3080 1375 3144 caeleste;
1492 3085 1494 3091 ’

259 3165 289 3210 22
305 3156 417 3211 1202222
435 3157 517 3228 quod
536 3167 582 3213 222
599 3157 709 3212 2220212
723 3173 794 3228 erga
812 3159 988 3228 proximum,
1004 3173 1056 3213 seu
1075 3159 1236 3222 charitatis,
1252 3171 1377 3215 vocatur

259 3236 368 3292 1202222
388 3237 550 3308 spirituale.
593 3237 702 3310 Angeli
720 3238 772 3310 qui
792 3237 822 3292 in
842 3237 948 3292 intimo
966 3255 1019 3294 seu
1038 3239 1129 3294 tertio
1146 3240 1229 3294 caelo
1248 3251 1327 3302 sunt,
1343 3241 1374 3294 in

258 3317 338 3372 bono
350 3317 461 3372 amoris
476 3317 507 3372 in
523 3317 685 3372 Dominum
700 3327 786 3381 sunt:
806 3317 875 3373 inde
890 3317 932 3372 illi
947 3329 1093 3374 vocantur
1107 3320 1204 3390 angeli
1217 3320 1375 3376 caelestes:

258 3397 354 3469 angeli
369 3408 470 3454 autern
483 3397 534 3468 qui
554 3397 584 3452 in
604 3397 703 3454 medio
717 3413 770 3453 seu
786 3399 919 3454 secundo
933 3401 1017 3454 caelo
1031 3411 1109 3462 sunt,
1126 3399 1154 3454 in
1172 3401 1251 3456 bono
1266 3401 1376 3456 amoris

258 3491 327 3549 erga
339 3477 506 3548 proximum
519 3487 605 3540 sunt:
625 3477 694 3533 inde
710 3477 751 3532 illi
764 3488 910 3533 vocantur
922 3480 1019 3550 angeli
1032 3479 1207 3550 spirituales.
1289 3489 1293 3498 ·

310 3555 455 3613 1122112122
467 3558 537 3613 boni
547 3559 692 3621 caelestis,
702 3575 779 3630 quae
790 3569 837 3614 est
848 3560 959 3614 amoris
972 3559 1001 3612 in
1016 3559 1188 3623 Dominum,
1198 3570 1244 3616 222
1256 3562 1375 3632 amplis-

258 3637 332 3692 sima
349 3647 380 3694 22
398 3637 486 3692 simul
498 3637 697 3702 arcanissima,
710 3647 757 3694 est
775 3639 854 3694 22122
870 3637 1006 3694 20112122
1024 3640 1195 3712 angelorum
1210 3641 1306 3694 intimi
1322 3657 1374 3696 seu
1468 3693 1472 3700 ,

257 3719 336 3774 tertii
348 3719 432 3780 22211.
444 3735 520 3789 quae
533 3717 600 3773 talis
612 3729 665 3782 est,
677 3729 719 3781 ut.
732 3719 757 3774 si
770 3719 890 3774 daretur
902 3735 939 3774 ex
951 3735 1002 3774 ore
1016 3719 1142 3782 illorum.
1155 3720 1204 3774 vix
1218 3720 1374 3775 millesima

257 3815 323 3869 pars
336 3799 564 3871 intelligeretur:
582 3809 652 3854 sunt
667 3815 786 3870 quoque
799 3799 959 3854 ineffabilia
971 3815 1047 3869 quae
1059 3801 1200 3855 continet.
1235 3799 1289 3855 1112
1303 3801 1375 3856 202·

256 3879 334 3935 trina
342 3879 514 3934 continetur
526 3878 555 3933 in
571 3893 660 3934 sensu
673 3879 780 3934 intimo
790 3877 896 3942 Verbi;
914 3877 1050 3934 doctrina
1059 3890 1158 3934 autern
1169 3879 1279 3935 amoris
1288 3881 1374 3951 spiri-

256 3959 387 4015 22211212
400 3974 488 4014 sensu
502 3959 628 4014 interno.

309 4037 731 4110 110612222021252121222112.
750 4055 826 4110 quae
847 4049 894 4094 ast
914 4039 1025 4094 amoris
1043 4055 1112 4111 erga
1131 4039 1309 4110 proximum,
1328 4051 1374 4096 est

255 4134 374 4191 quoque
386 4119 486 4189 ampla
499 4129 530 4175 et
545 4133 667 4182 222222;
686 4119 738 4174 sed
755 4120 850 4174 multo
863 4119 961 4174 minus
974 4135 1062 4190 quarn
1077 4117 1212 4175 20212122
1224 4120 1294 4175 boni
1307 4137 1375 4176 cae·

256 4199 345 4262 122212,
363 4215 440 4272 quae
458 4209 504 4255 est
522 4200 632 4255 2220212
651 4200 681 4253 12
702 4197 874 4255 Dominum.
914 4197 1002 4271 Quod
1022 4197 1158 4255 20112122
1176 4201 1285 4256 2220212
1304 4217 1374 4273 erga

256 4279 431 4350 proximum,
447 4295 499 4335 222
518 4279 735 4342 2222122212212
753 4281 865 4350 2225212,Ι
877 4280 946 4335 1222
963 4289 1100 4336 constare
1118 4291 1225 4350 potest,
1241 4281 1321 4352 quod
1341 4298 1373 4338 se

255 4360 396 4416 extendat
405 4361 443 4414 22
456 4359 558 4416 omnia
569 4371 600 4415 et
612 4360 729 4432 singula
737 4375 814 4431 quae
824 4361 916 4416 120220
925 4361 1037 4431 cogitat
1046 4371 1078 4415 et
1087 4361 1159 4423 vult,
1170 4361 1212 4416 122
1220 4362 1258 4415 22
1271 4363 1373 4416 omnia

255 4457 331 4512 quae
348 4441 483 4513 loquitur
499 4451 531 4497 22
551 4442 628 4514 agit;
652 4452 716 4496 tum
735 4441 816 4512 quod
836 4441 965 4496 charitas
984 4457 1044 4497 non
1064 4443 1151 4497 detur
1169 4443 1273 4498 similis
1291 4445 1371 4512 apud

255 4537 346 4577 unum
365 4531 400 4578 ut
416 4521 497 4594 apud
515 4521 657 4586 alterum
679 4535 734 4577 nec
752 4521 833 4593 quod
854 4521 1005 4592 proximus
1023 4522 1062 4578 sit
1080 4519 1185 4578 similis
1199 4538 1276 4578 unus
1294 4522 1371 4578 sieut
