3338 5300
326 639 366 686 22
797 637 970 690 CORONIS.

325 807 484 890 quoniam
506 805 721 888 cognitiones
743 807 960 889 praecedent,
980 816 1163 892 antequam
1186 807 1307 892 aliquis
1329 817 1444 892 potest

324 903 408 966 scire
424 902 513 985 quod
529 922 588 984 per
602 907 620 933 “
631 921 729 964 mane
738 901 753 926 ''
765 901 977 984 intelligatur
993 903 1167 966 Ecclesiae
1184 915 1289 980 ortus,
1302 915 1338 967 et
1354 906 1443 988 quod

323 997 412 1060 hunc
428 997 610 1079 praecedat
626 997 835 1079 redemptio;
859 997 949 1080 quod
966 1019 1025 1080 per
1039 998 1186 1072 “diem,”
1198 1019 1308 1064 novae
1322 998 1442 1063 Eccle-

324 1092 392 1155 siae
422 1092 614 1174 progressio
640 1092 672 1154 in
704 1091 824 1167 lucem,
852 1103 887 1156 et
913 1091 983 1174 ejus
1010 1092 1256 1174 intelligentia3
1287 1095 1443 1176 quodque

323 1205 383 1267 per
399 1185 632 1267 “vesperam”
647 1185 735 1249 illius
754 1185 929 1250 Ecclesiae
947 1187 1131 1250 declinatio
1149 1207 1168 1250 a
1186 1189 1279 1251 bono
1296 1199 1332 1252 et
1351 1209 1441 1262 vero,

323 1300 409 1363 quae
433 1291 574 1344 vocatur
596 1281 765 1358 vastatio;
796 1290 832 1345 et
855 1282 946 1363 quod
973 1301 1033 1364 per
1057 1278 1251 1358 “noctem’'
1273 1282 1343 1364 ejus
1370 1279 1443 1346 finis

323 1395 362 1440 ac
379 1377 545 1449 interitus,
562 1371 642 1457 quiffl
659 1384 800 1438 vocatur
815 1377 1084 1439 consummatio:
1108 1377 1207 1440 etsie
1224 1397 1333 1459 porro.

386 1489 430 1552 9.
458 1469 549 1532 Finis
563 1469 748 1544 Ecclesiae,
760 1489 819 1532 seu
831 1472 1081 1534 consummatio
1092 1469 1227 1546 saeculi,
1241 1482 1295 1535 est
1307 1472 1443 1554 quando

323 1584 392 1628 non
407 1564 543 1647 aliquod
559 1565 741 1645 genuinum
757 1584 872 1627 verum
888 1575 923 1628 et
939 1565 1017 1628 inde
1031 1584 1098 1628 non
1111 1565 1247 1647 aliquod
1259 1567 1442 1648 genuinum

322 1660 459 1732 bonum,
479 1669 538 1722 aut
561 1659 640 1722 dum
664 1679 732 1722 non
755 1659 891 1741 aliquod
914 1661 1040 1724 bonum
1064 1670 1099 1724 et
1122 1660 1200 1722 inde
1224 1680 1292 1724 non
1315 1681 1441 1736 verum,

323 1765 494 1836 superest;
518 1755 578 1818 sed
599 1753 675 1816 loco
693 1753 825 1817 illorum
843 1753 1018 1818 salsumet
1039 1754 1118 1818 inde
1136 1753 1272 1828 malum,
1292 1765 1351 1819 aut
1371 1775 1441 1819 ma·

322 1850 391 1913 lum
410 1860 446 1914 et
469 1849 547 1912 inde
565 1848 696 1922 salsum,
716 1858 862 1929 regnat;
885 1859 920 1912 et
940 1859 1020 1912 tunc
1039 1860 1093 1912 est
1113 1848 1319 1930 “plenitudo
1339 1847 1441 1932 [tem-

323 1945 452 2027 poris]''
481 1946 515 2008 in
547 1943 712 2018 Ecclesia,
748 1942 796 2025 [in
825 1963 893 2026 qua
921 1943 1015 2026 sunt]
1047 1945 1134 2007 sicut
1164 1943 1379 2008 ambulantes
1408 1947 1441 2009 in

322 2037 433 2114 nodie,
457 2040 512 2121 qui
538 2040 615 2121 quia
642 2058 710 2101 non
737 2038 854 2102 vident
881 2039 1059 2122 quicquam
1086 2039 1176 2122 quod
1203 2039 1237 2101 in
1264 2039 1338 2102 luce
1361 2040 1442 2104 solis

321 2143 473 2218 apparet,
493 2135 670 2215 ambigunt
692 2133 735 2196 de
758 2133 913 2197 omnibus
931 2153 1018 2216 quae
1041 2133 1217 2198 Ecclesiae
1239 2145 1329 2209 sunt,
1349 2145 1384 2198 et
1407 2135 1441 2199 in

321 2230 491 2296 communi
517 2229 560 2292 de
587 2229 672 2302 De0,
697 2228 740 2291 de
763 2227 869 2292 Caelo
891 2238 927 2292 et
954 2228 1100 2302 Inserno,
1124 2228 1234 2310 deque
1257 2227 1340 2292 Vita
1362 2241 1440 2311 post

224 2347 229 2360 ,
322 2335 488 2402 mortem;
512 2333 547 2386 et
566 2323 613 2386 illi
632 2324 686 2405 qui
706 2343 743 2386 se
761 2321 964 2387 confirmant
987 2325 1020 2386 in
1036 2323 1221 2404 negatione
1240 2321 1384 2398 illorum,
1403 2335 1439 2388 et

321 2421 368 2485 illi
398 2421 454 2502 qui
483 2419 625 2482 haerent
652 2419 817 2500 ancipites
842 2419 877 2480 in
903 2418 1115 2482 dubitatione
1141 2426 1177 2480 et
1204 2415 1438 2494 affirmatione,

321 2515 404 2580 liunt
427 2513 581 2595 lucifugi3
612 2514 697 2576 etsi
720 2513 871 2576 flamines
894 2523 983 2587 sunt,
1003 2521 1202 2594 comparant
1226 2513 1268 2575 de
1289 2511 1356 2576 illis
1377 2515 1439 2577 sibi

320 2611 430 2674 lucem
449 2609 585 2682 fatuam,
606 2607 713 2690 qualis
732 2617 785 2671 est
804 2604 945 2683 noctuis,
966 2607 1084 2670 felibus
1100 2617 1136 2670 et
1159 2608 1307 2670 muribus
1330 2609 1364 2670 in
1387 2609 1437 2672 di·

320 2725 422 2768 urnae
442 2703 524 2766 lucis
547 2703 714 2779 tenebris;
747 2703 830 2766 haec
854 2701 913 2764 lux
937 2703 1026 2784 apud
1049 2702 1136 2776 illos,
1156 2703 1242 2766 sicut
1264 2703 1354 2784 apud
1376 2703 1437 2768 has

319 2801 415 2875 ieras,
435 2819 494 2881 per
512 2795 706 2861 activitates
725 2797 1073 2878 concupiscentiarum
1092 2797 1273 2860 excitatur.

379 3001 448 3050 ιο.
477 2985 539 3059 (r'r.)
564 2983 649 3053 duod
656 2989 730 3064 port
741 2982 829 3064 hujus
843 2981 1134 3046 consummationem
1143 3001 1201 3046 tau
1214 2981 1328 3056 fineen,
1339 2983 1437 3047 Boni·

319 3096 378 3139 nus
391 3075 516 3138 detavit
537 3079 696 3156 appareat,
712 3079 746 3136 at
765 3073 867 3136 lucini
884 3073 1036 3136 duriorum
1056 3091 1152 3153 cuper·
1170 3072 1307 3136 homines
1323 3073 1436 3155 prr'oris

319 3165 491 3238 Ecclesiae,
504 3185 544 3228 uo
556 3169 685 3246 soporat
696 3164 790 3227 bonos
804 3185 824 3225 a
837 3163 938 3237 mulis,
950 3169 984 3226 st
996 3163 1089 3228 donor
1103 3163 1145 3224 od
1155 3161 1196 3226 So
1207 3162 1309 3226 olant
1318 3164 1350 3228 in
1360 3164 1436 3229 tao·

318 3257 389 3328 lum,
405 3261 439 3320 st
456 3256 554 3318 malos
575 3273 595 3316 u
615 3255 656 3318 So
674 3260 833 3318 nmonut
851 3254 881 3316 in
901 3253 1209 3336 internum—Quod
1229 3257 1317 3319 circa
1334 3255 1434 3322 finem

319 3347 461 3428 cujusvis
478 3347 652 3410 Ecclesiae
669 3345 834 3409 Dominus
845 3345 987 3428 Jehovih
1002 3361 1174 3428 appareat,
1188 3349 1231 3412 ad
1246 3349 1433 3414 laciendum

315 3441 474 3524 judicium
497 3461 596 3523 super
613 3440 689 3505 illos
708 3441 764 3524 qui
787 3443 830 3504 ab
852 3443 1096 3504 instauratione
1118 3442 1188 3524 ejus
1210 3444 1254 3506 ad
1276 3463 1433 3510 consum·

319 3536 503 3599 mationem
527 3535 596 3617 ejus
615 3536 783 3610 vixerunt,
803 3533 1054 3598 confirmabitur
1076 3537 1109 3600 in
1132 3539 1361 3619 sequentibus,
1381 3541 1434 3604 ubi

317 3630 512 3711 singulatim
539 3631 792 3712 deunaquavis
819 3639 1009 3711 peragetur.
1067 3629 1306 3715 Unusquisque
1332 3633 1435 3698 homo

317 3725 452 3808 quidem
471 3733 550 3806 post
566 3735 710 3788 mortem
724 3723 910 3806 judicatur;
934 3725 994 3786 sed
1014 3723 1045 3786 in
1063 3723 1128 3788 fine
1144 3725 1214 3806 ejus
1229 3726 1434 3809 colliguntur

316 3839 445 3894 omnes,
463 3829 498 3882 et
517 3838 616 3901 super
631 3819 708 3882 illos
722 3837 901 3882 commune
912 3817 1072 3900 judicium
1091 3817 1148 3896 fit;
1172 3829 1207 3884 et
1226 3821 1312 3885 hanc
1332 3842 1433 3905 prop·

317 3923 370 3976 ter
393 3933 539 3987 causam,
563 3925 600 3976 ut
623 3913 657 3976 in
679 3911 863 3976 caelestem
886 3913 1038 3976 ordinem
1062 3912 1319 3996 conjungantur,
1343 3917 1432 3999 quod

319 4007 386 4092 [lit]
411 4029 469 4090 per
491 4008 738 4071 ordinationem
761 4005 907 4070 fidelium
930 4008 963 4070 in
987 4027 1110 4070 novum
1134 4007 1276 4083 caelum,
1297 4029 1336 4072 ac
1360 4009 1432 4074 inli-

316 4102 441 4166 delium
461 4102 522 4166 sub
541 4101 599 4164 illo
621 4103 654 4165 in
678 4121 801 4166 novum
822 4101 996 4178 infernum,
1016 4102 1059 4166 de
1077 4121 1143 4184 qua
1165 4103 1379 4168 ordinatione
1400 4105 1432 4168 in

316 4208 480 4280 sequente
498 4196 641 4260 articulo
659 4196 874 4278 transigetur.

380 4307 442 4356 11·
470 4291 647 4373 Judicium,
678 4291 767 4375 quod
800 4301 854 4354 est
887 4287 1029 4372 cujusvis
1059 4289 1235 4354 Ecclesiae
1265 4289 1430 4368 ultimum,

316 4405 384 4450 non
403 4385 440 4448 fit
459 4385 493 4448 in
509 4387 635 4450 mundo
651 4385 805 4460 naturali,
822 4385 933 4450 sedin
950 4385 1075 4449 mundo
1091 4385 1263 4467 spirituali,
1281 4387 1315 4449 in
1331 4407 1431 4469 quem

316 4501 434 4546 omnes
453 4491 531 4563 post
551 4491 695 4546 mortem
714 4480 938 4562 colliguntur;
973 4489 1009 4545 et
1032 4479 1237 4561 colliguntur
1259 4482 1293 4544 in
1316 4481 1430 4546 caelos

316 4573 475 4640 distinete
508 4577 692 4640 secundum
725 4575 933 4658 religionem,
965 4577 1013 4639 ita
1046 4575 1231 4638 secundum
1264 4575 1366 4640 fidem
1395 4587 1430 4639 et
1456 4589 1463 4601 ·
