3288 5294
385 699 434 752 m·
455 698 550 768 EJUS'
563 697 761 752 DOCTRINA
783 697 1057 750 caunum-N.
1074 695 1146 766 252.
1260 696 1317 763 141

715 1187 810 1274 [xv]

260 1417 336 1494 DE
369 1417 672 1494 SCRIPTURA
708 1417 886 1494 SACRA
921 1415 1042 1492 SIVE
1076 1399 1273 1490 ΧΙΕῙὶΒΟ.Ι

200 1755 464 2086 HOMO
493 1811 621 1893 absque
651 1809 860 1877 revelatione
890 1830 935 1874 ex
967 1808 1102 1884 Divino,
1134 1826 1203 1870 non
1234 1806 1321 1871 scire

387 1905 514 1992 aliquid
544 1914 661 1988 potest
690 1905 734 1969 de
756 1906 828 1968 vita
858 1913 1010 1979 aeterna,
1030 1922 1073 1966 ne
1099 1901 1235 1984 quidem
1258 1900 1320 1964 ali·

387 1999 467 2083 quid
485 2000 529 2064 de
545 1999 631 2075 Deo,
645 2008 680 2064 et
700 1999 810 2064 adhuc
827 2000 936 2062 minus
954 1997 998 2062 de
1013 2017 1129 2061 amore
1148 2005 1184 2060 et
1202 1994 1268 2076 fide
1286 1997 1321 2060 in

388 2095 523 2177 Ipsum:
554 2113 633 2158 nam
656 2093 760 2158 homo
782 2093 934 2156 nascitur
951 2093 985 2156 in
1008 2107 1136 2154 meram
1160 2091 1321 2172 ignoran-

200 2190 297 2264 tiam,
311 2198 347 2254 et
363 2189 441 2253 dein
454 2209 498 2252 ex
515 2187 694 2252 mundanis
707 2187 815 2251 discet
829 2187 953 2260 omnia,
968 2207 1014 2250 ex
1029 2185 1149 2268 quibus
1161 2183 1321 2249 formabit

200 2279 415 2348 intelledium
434 2302 554 2360 suum;
582 2284 732 2346 nascitur
750 2283 853 2346 etiam
874 2301 919 2344 ex
938 2280 1143 2344 hereditario
1161 2280 1195 2342 in
1218 2297 1322 2342 omne

201 2378 341 2454 malum,
364 2377 456 2461 quod
478 2386 532 2442 est
559 2398 604 2440 ex
631 2396 747 2440 amore
770 2375 819 2439 sul
846 2385 882 2439 et
910 2375 1045 2454 mundi;
1072 2373 1220 2456 jucunda
1242 2373 1322 2438 inde

200 2482 349 2555 regnant
364 2471 502 2554 jugiter,
522 2481 557 2536 et
581 2481 770 2553 suggerunt
793 2469 876 2534 talia
898 2491 985 2552 quae
1008 2490 1027 2534 e
1049 2469 1218 2532 diametro
1241 2477 1322 2533 sunt

201 2577 324 2632 contra
343 2565 514 2629 Divinum.
560 2565 645 2629 Inde
664 2585 752 2629 nunc
772 2565 935 2648 estquod
957 2564 1063 2628 homo
1083 2562 1166 2626 nihil
1189 2562 1231 2626 de
1250 2563 1322 2626 vita

201 2671 344 2726 aeterna
358 2661 463 2724 sciat:
487 2660 565 2724 ideo
580 2661 772 2725 necessario
788 2660 851 2724 erit
867 2657 1042 2734 revelatio,
1060 2678 1105 2720 ex
1121 2677 1188 2740 qua
1204 2657 1300 2719 sciat.

261 2771 361 2842 25⁰.
390 2755 493 2838 Quod
511 2755 604 2820 mala
621 2755 747 2820 amoris
763 2755 814 2818 sui
836 2763 872 2818 et
895 2755 1012 2817 mundi
1030 2753 1195 2818 inducant
1213 2751 1322 2816 talem

201 2849 432 2933 ignorantiam
450 2848 493 2912 de
511 2847 578 2912 illis
596 2868 683 2931 quae
702 2858 781 2912 sunt
799 2849 890 2911 vitae
909 2855 1082 2920 aeternae,
1099 2855 1197 2928 patet
1214 2845 1322 2908 mani·

201 2943 290 3010 leste
312 2943 357 3007 ab
374 2941 441 3006 illis
459 2943 549 3007 intra
567 2942 769 3020 ecclesiam;
798 2943 853 3025 qui
872 2942 1012 3006 tametsi
1030 2941 1141 3004 sciunt
1161 2959 1206 3003 ex
1225 2959 1322 3002 reve·

202 3037 332 3102 latione
348 3037 438 3120 quod
457 3036 551 3101 Deus
568 3039 624 3113 sit,
641 3037 732 3120 quod
748 3036 880 3101 caelum
897 3046 932 3100 et
951 3035 1116 3100 infernum
1132 3035 1212 3108 sint,
1230 3033 1322 3116 quod

202 3133 275 3196 vita
286 3141 427 3195 aeterna
439 3131 494 3206 sit,
508 3141 544 3196 et
559 3132 650 3215 quod
666 3131 724 3195 illa
736 3133 809 3195 vita
820 3129 1051 3213 comparanda
1063 3131 1107 3193 sit
1120 3149 1180 3212 per
1192 3128 1321 3191 bonum

202 3227 327 3291 amoris
353 3233 390 3288 et
418 3223 507 3300 fidei,
532 3246 637 3309 usque
667 3225 827 3289 labuntur
856 3225 889 3287 in
919 3223 1140 3305 negationem
1170 3223 1213 3287 de
1242 3221 1321 3298 illis,

202 3329 275 3386 tam
293 3319 417 3384 eruditi
434 3339 536 3402 quam
560 3339 628 3384 non
647 3320 780 3384 eruditi.
826 3319 910 3382 lnde
929 3320 1052 3382 iterum
1074 3326 1172 3402 patet
1190 3325 1321 3401 quanta

202 3415 397 3500 ignorantia
415 3412 502 3478 soret
522 3416 549 3478 si
568 3415 662 3478 nulla
679 3425 772 3479 esset
791 3413 966 3478 revelatio.

260 3526 354 3595 251.
382 3511 468 3576 Cum
486 3511 602 3593 itaque
621 3509 823 3592 homopost
842 3519 990 3573 mortem
1006 3508 1103 3584 vivit,
1119 3517 1155 3572 et
1178 3515 1260 3571 tunc
1284 3507 1319 3571 in

202 3613 390 3680 aeternum,
410 3613 446 3669 et
468 3603 563 3666 illum
582 3612 698 3666 manet
721 3604 794 3666 vita
816 3603 1003 3666 secundum
1021 3600 1092 3682 ejus
1111 3618 1262 3664 amorem
1286 3609 1322 3664 et

202 3695 316 3772 fidem,
332 3699 484 3782 sequitur
499 3697 590 3780 quod
608 3696 768 3760 Divinum
784 3717 829 3782 ex
846 3714 961 3759 amore
977 3715 1059 3777 erga
1074 3714 1183 3776 genus
1199 3694 1321 3756 huma·

203 3809 282 3855 num
299 3791 500 3857 revelaverit
520 3789 604 3856 talia
622 3811 707 3874 quae
726 3791 853 3856 ducent
872 3791 915 3855 ad
934 3789 1029 3854 illam
1045 3791 1163 3865 vitam,
1181 3799 1216 3853 et
1235 3808 1319 3852 con-

203 3887 330 3951 ducent
348 3887 451 3952 saluti
469 3885 551 3970 ejus.
596 3883 697 3968 Quod
717 3885 877 3950 Divinum
893 3884 1058 3949 revelavit
1078 3893 1131 3948 est
1150 3883 1240 3967 apud
1259 3905 1323 3950 nos

202 3979 366 4046 Verbum.

263 4091 357 4160 ψ.
377 4076 545 4151 Verbum,
557 4075 637 4159 quia
652 4085 707 4140 est
723 4075 892 4140 revelatio
906 4096 926 4138 a
941 4073 1080 4152 Divino,
1092 4083 1147 4139 est
1160 4073 1321 4138 Divinum

201 4169 235 4236 in
251 4169 408 4234 omnibus
423 4179 460 4233 et
476 4167 618 4250 singulis
631 4189 638 4244 ;
664 4187 742 4231 nam
755 4167 846 4250 quod
862 4187 883 4231 a
900 4167 1026 4230 Divino
1041 4177 1105 4242 est,
1120 4186 1188 4230 non
1205 4175 1322 4249 potest

202 4263 302 4328 aliter
324 4283 409 4328 esse.
454 4261 556 4344 Quod
578 4281 599 4326 a
626 4261 751 4325 Divino
773 4271 838 4337 est,
862 4261 896 4325 id
924 4261 1101 4325 descendit
1124 4281 1184 4343 per
1206 4259 1322 4324 caelos

202 4377 307 4442 usque
329 4358 373 4422 ad
397 4357 591 4434 hominem;
618 4365 826 4438 quapropter
844 4357 879 4419 in
898 4355 1001 4419 caelis
1019 4355 1319 4419 accommodatum

203 4460 257 4515 cst
275 4451 463 4534 sapientiae
482 4449 681 4532 angelorum
700 4451 756 4531 qui
779 4449 835 4526 ibi,
854 4459 890 4514 et
909 4451 943 4513 in
962 4451 1061 4513 terris
1079 4448 1319 4513 accommoda·

203 4555 277 4610 tum
293 4555 347 4610 est
363 4545 477 4628 captui
494 4543 669 4608 hominum
681 4545 737 4626 qui
753 4543 817 4607 ibi:
837 4563 940 4626 quare
956 4544 990 4606 in
1003 4543 1121 4608 Verbo
1132 4551 1186 4606 est
1201 4561 1320 4606 sensus

203 4641 366 4716 internus,
377 4639 434 4722 qui
445 4637 639 4721 spiritualis,
651 4657 713 4720 pro
725 4637 857 4721 angelis
868 4659 878 4718 3
897 4648 933 4702 et
946 4657 1065 4702 sensus
1077 4647 1251 4714 externus,
1263 4637 1319 4720 qui
