3338 5300
769 671 940 722 CORONIS.

426 859 487 896 xxv.
502 856 575 907 9-11,
592 843 638 900 18:
656 856 713 904 cap.
728 841 791 890 xliv.
804 851 828 900 2,
839 841 863 898 6,
876 852 924 891 22:
942 839 1033 890 Erech.
1045 841 1144 890 mad
1163 839 1226 899 fin.;
1243 855 1301 904 cap.
1313 839 1359 890 xii.
1373 851 1412 902 19,

426 923 473 969 τος
491 925 550 972 cap.
561 909 652 958 xxxiii.
664 919 704 968 24,
717 909 757 965 28,
770 919 816 970 29:
834 907 929 956 Hosch.
941 920 966 954 x.
983 918 1029 966 14;
1048 921 1107 968 cap.
1118 907 1164 956 xil.
1177 902 1227 956 21¹¹:
1255 906 1317 971 Joel
1325 906 1352 954 ii.
1364 917 1412 960 ao:

424 979 505 1026 Amos
516 991 541 1024 v.
556 989 588 1037 9:
606 973 690 1023 Mich.
705 973 741 1022 vi.
758 985 796 1033 13,
812 973 858 1022 16:
876 971 945 1021 Hab.
960 973 977 1021 i.
992 985 1022 1031 3:
1041 971 1147 1036 Haggai
1159 973 1176 1021 i.
1185 985 1210 1032 4,
1224 987 1255 1034 9:
1274 971 1351 1020 lach.
1365 971 1410 1019 vii.

427 1055 474 1102 14;
493 1055 550 1103 cap.
563 1040 598 1088 xi.
610 1051 634 1098 2,
645 1037 681 1101 3.)

295 1157 352 1222 Ex
378 1157 534 1220 omnibus
564 1155 616 1216 his
642 1153 726 1216 locis
752 1151 1004 1234 videri-potest
1037 1151 1115 1234 quid
1151 1150 1350 1214 “vastatio'’
1376 1159 1412 1213 et

296 1251 493 1316 “desolatio
505 1249 530 1328 ;”
553 1249 643 1332 quod
667 1268 734 1311 non
754 1249 798 1310 sit
818 1257 928 1310 terrae
946 1255 982 1310 et
1005 1247 1134 1308 urbium
1153 1265 1174 1309 a
1192 1245 1334 1328 populis,
1352 1245 1412 1308 sed

263 1389 268 1402 ·
295 1345 472 1410 Ecclesiae
495 1365 515 1407 a
540 1344 638 1406 bonis
661 1352 697 1406 et
724 1343 822 1417 veris,
847 1340 936 1404 unde
958 1361 1027 1404 non
1050 1341 1113 1404 nisi
1135 1361 1236 1423 quam
1260 1338 1351 1403 mala
1376 1349 1412 1403 et

294 1441 388 1505 salsa.

353 1607 422 1679 57.
451 1593 511 1672 (ir.)
537 1592 621 1662 duod
639 1597 769 1674 quarm
789 1595 892 1654 statua
912 1589 1001 1672 hujus
1015 1589 1175 1653 Ecclesiae
1195 1589 1414 1653 iueritl'roiu·

295 1687 378 1750 natio
392 1685 606 1757 Suoetitutrmr,
618 1689 652 1746 et
665 1689 737 1746 tuno
751 1681 819 1764 ejus
833 1682 1054 1746 Commutatio
1067 1701 1125 1745 reu
1136 1681 1412 1746 uon-vastatio

295 1793 331 1846 et
358 1782 605 1845 consummatio
628 1779 785 1843 differunt
815 1780 903 1840 inter
927 1797 963 1840 se
986 1778 1271 1860 quemadmodum
1294 1777 1412 1840 umbra

294 1896 457 1958 vesperae
480 1885 515 1939 et
538 1875 650 1956 caligo
673 1871 782 1936 nodlis
804 1873 892 1960 inter
914 1892 970 1950 se;
1002 1873 1149 1935 vastatio
1172 1874 1261 1936 enim
1284 1883 1336 1936 est
1358 1893 1411 1934 re·

295 1971 404 2033 cessio
419 1971 463 2032 ab
479 1968 644 2042 Ecclesia,
662 1965 724 2031 at¹¹¹
741 1968 989 2030 consummatio
1005 1977 1057 2029 est
1078 1966 1227 2048 plenaria
1241 1967 1412 2048 separatio

295 2063 339 2125 ab
352 2061 419 2124 illa.
465 2061 625 2125 Vastatio
637 2063 750 2145 itaque
760 2074 813 2126 est
826 2064 911 2126 sicut
927 2061 1036 2145 [dum]
1048 2065 1120 2145 quis
1133 2083 1152 2126 e
1164 2063 1259 2126 caelo
1269 2063 1411 2126 descen·

295 2157 345 2220 dit
361 2156 420 2219 sed
440 2177 508 2219 non
527 2176 632 2239 usque
650 2157 693 2219 ad
712 2157 885 2230 infernum,
902 2177 942 2220 ac
959 2168 1109 2220 moratur
1126 2159 1158 2219 in
1177 2157 1300 2231 medio,
1317 2165 1412 2219 stans

296 2248 339 2310 ad
359 2257 535 2330 utrumque
555 2247 725 2325 lateralis;
759 2257 795 2311 at
819 2247 1067 2311 consummatio
1091 2257 1142 2311 est
1166 2248 1245 2311 dum
1268 2249 1342 2330 quis
1365 2249 1413 2312 ita

297 2352 391 2404 stans
410 2343 579 2405 convertit
603 2363 638 2405 se
661 2343 744 2405 facie
767 2353 803 2405 et
826 2339 963 2424 pedtore
986 2343 1029 2404 ad
1052 2342 1226 2416 infernum,
1250 2363 1290 2405 ac
1314 2352 1413 2424 tergo

296 2445 331 2499 et
354 2438 512 2518 occipitio
531 2437 574 2498 ad
595 2437 746 2513 caelum;
774 2436 927 2499 similiter
945 2447 981 2499 ut
1012 2434 1135 2499 fattum
1156 2447 1209 2499 est
1228 2456 1305 2500 cum
1325 2437 1411 2500 Dra·

295 2549 381 2594 cone
400 2539 434 2594 et
454 2529 523 2612 ejus
546 2531 676 2612 angelis
695 2532 775 2593 dum
798 2551 816 2594 e
835 2530 932 2594 caelo
954 2527 1074 2611 dejesti
1098 2540 1175 2594 sunt
1201 2527 1259 2612 (de
1281 2532 1410 2614 quibus,

294 2625 326 2686 Α
328 2633 397 2705 poc.
410 2624 484 2707 xii.)
498 2645 505 2688 ε
530 2626 609 2688 dum
626 2625 822 2706 pugnabant
838 2644 915 2688 cum
929 2624 1107 2698 Michaele,
1120 2625 1153 2686 in
1170 2625 1281 2688 medio
1294 2635 1411 2704 erant;

295 2729 331 2783 at
344 2720 426 2782 'dum
443 2717 598 2794 convitii,
616 2722 648 2782 in
668 2719 805 2782 inferno.
851 2719 1012 2782 Vastatio
1024 2719 1061 2782 fit
1078 2719 1157 2782 dum
1173 2719 1277 2784 homo
1293 2717 1411 2783 santia

295 2813 471 2877 Ecclesiae
488 2811 621 2896 spedtat
640 2836 684 2878 ex
704 2815 795 2877 salsis
814 2823 849 2878 et
868 2813 1051 2877 falsificatis
1067 2815 1173 2892 veris;
1197 2824 1233 2877 at
1253 2834 1409 2878 consum·

295 2910 400 2972 matio
418 2908 456 2972 fit
475 2910 554 2972 dum
574 2911 656 2972 vivit
676 2911 708 2971 in
728 2909 827 2971 malis
844 2919 902 2972 aut
921 2910 954 2971 in
973 2909 1172 2972 adulteratis
1191 2909 1297 2972 bonis.
1342 2909 1410 2973 Sed

295 3013 331 3066 ut
348 3003 455 3066 adhuc
473 3004 661 3067 evidentius
674 3003 980 3086 comprehendatur
993 3003 1171 3066 discrimen
1187 3014 1222 3066 et
1238 3002 1410 3068 distinctio

295 3098 383 3161 inter
405 3108 532 3160 statum
556 3100 757 3162 vastationis
780 3109 815 3161 et
839 3107 967 3161 statum
987 3099 1297 3173 consummationis,
1316 3098 1409 3162 illus·

296 3192 438 3255 trabitur
457 3193 490 3254 id
509 3193 826 3274 comparationibus.
872 3191 989 3255 Status
1008 3191 1207 3254 vastationis
1224 3195 1408 3274 comparari

295 3296 409 3367 potest
434 3306 509 3349 cum
533 3287 679 3369 quodam
703 3287 803 3351 horto
826 3307 884 3349 seu
908 3285 984 3350 luco
1007 3288 1131 3349 circum
1155 3286 1330 3368 templum,
1354 3289 1408 3370 qui

295 3400 339 3443 ex
356 3381 448 3443 cultu
466 3381 588 3444 Divino
604 3383 636 3443 in
653 3381 785 3463 templo
800 3391 836 3443 ut
853 3378 1080 3444 sandtificatus
1096 3381 1274 3461 aspicitur;
1294 3382 1326 3444 in
1343 3403 1409 3464 quo

295 3483 373 3537 sunt
387 3475 566 3556 potatoria,
581 3475 737 3557 epularia,
752 3475 937 3549 saltatoria,
952 3495 990 3538 ac
1007 3475 1201 3537 histrionica
1213 3485 1248 3538 et
1265 3476 1407 3548 mimica,

295 3587 370 3631 cum
393 3566 638 3650 spedtatoribus
662 3570 693 3631 in
717 3569 836 3651 templi
860 3570 952 3631 atriis
975 3579 1009 3631 et
1032 3569 1206 3632 fenestris:
1241 3579 1276 3632 at
1300 3579 1408 3633 status

296 3664 596 3726 consummationis
619 3665 805 3745 comparari
832 3673 947 3745 potest
971 3663 1080 3727 eidem
1107 3663 1209 3727 horto
1235 3683 1294 3727 seu
1320 3663 1407 3738 luco,

294 3759 327 3820 in
351 3778 417 3840 quo
440 3759 545 3838 satyri
568 3769 602 3821 et
626 3759 730 3840 priapi
754 3778 828 3821 cum
853 3759 973 3821 scortis
996 3769 1031 3822 et
1055 3759 1145 3840 sagis
1168 3768 1257 3834 sunt,
1282 3769 1316 3822 et
1343 3759 1408 3822 hae

294 3871 370 3914 cum
397 3851 462 3914 illis
489 3853 522 3914 in
549 3852 673 3916 chorea
701 3855 829 3916 intrant
858 3853 1033 3934 templum,
1058 3873 1097 3916 ac
1124 3853 1263 3934 prolana
1288 3853 1408 3917 festiva

294 3945 480 4020 celebrant,
496 3947 583 4010 sicut
603 3946 776 4028 Pythones
795 3948 827 4009 in
847 3949 914 4009 suis
929 3947 1113 4010 sabbathis.
1159 3945 1277 4011 Status
1293 3959 1406 4012 vasta·

295 4040 394 4102 tionis
418 4041 520 4103 etiam
545 4043 731 4123 comparari
759 4051 874 4124 potest
901 4061 977 4104 cum
1004 4041 1120 4104 hostili
1147 4043 1300 4105 exercitu
1327 4042 1406 4105 dum

295 4133 452 4198 suburbia
478 4136 625 4199 civitatis
652 4137 811 4199 obsessae
841 4137 945 4199 intrat
972 4147 1007 4199 et
1038 4145 1158 4217 regnat
1189 4137 1222 4199 in
1253 4135 1337 4214 illis;
1371 4147 1406 4201 at

294 4237 405 4291 status
428 4231 731 4293 consummationis
754 4232 940 4312 comparari
964 4240 1078 4312 potest
1102 4249 1177 4292 curn
1200 4231 1324 4306 eodem
1344 4253 1406 4294 ex-

294 4323 400 4386 ercitu
424 4323 502 4386 dum
526 4325 708 4388 demolitus
731 4335 784 4389 est
808 4345 937 4389 murum
961 4337 996 4389 et
1024 4327 1208 4408 perrumpit
1235 4327 1266 4388 in
1291 4327 1405 4390 urbem

294 4427 329 4478 et
362 4415 572 4481 habitatores
602 4417 776 4483 devotioni
809 4420 878 4483 dat.
923 4418 1039 4484 Status
1070 4421 1270 4483 vastationis
1302 4421 1404 4483 etiam

294 4511 479 4592 comparari
504 4522 618 4593 potest
642 4533 717 4576 cum
741 4515 817 4576 navi
841 4535 939 4597 super
957 4515 1104 4596 syrtibus
1127 4525 1184 4578 aut
1207 4515 1310 4578 fundo
1332 4535 1404 4578 are·

295 4624 388 4680 noso,
412 4605 548 4687 quando
574 4608 618 4670 ibi
645 4619 831 4690 quassatur.
860 4630 898 4673 ac
926 4611 1077 4673 educitur
1104 4619 1139 4674 et
1166 4609 1344 4684 inducitur,
1370 4619 1404 4672 et
