3288 5294
412 667 463 720 ss
483 667 569 736 nJus
591 666 790 738 ooqrnms
812 664 1087 720 cassusne-u.
1106 665 1175 736 177.
1302 664 1359 734 105

748 1133 860 1220 [x111.]

516 1383 590 1461 DE
624 1382 1096 1461 REGENERATIONF„

737 1633 866 1659 μ

245 1746 451 2150 ¹⁷³QUI
470 1821 539 1867 non
557 1803 663 1890 vitam
680 1801 890 1887 spiritualem
906 1802 1041 1887 accipit,
1054 1802 1121 1868 hoc
1140 1811 1205 1880 est,
1219 1803 1276 1887 qui
1295 1823 1364 1868 non

425 1917 552 1962 enovo
567 1907 751 1981 generatur
765 1918 787 1962 a
802 1899 963 1976 Domino,
980 1917 1049 1963 non
1065 1907 1183 1984 potest
1199 1899 1315 1964 venire
1330 1899 1364 1963 in

426 1991 580 2072 caelum;
603 1993 695 2076 quod
711 1993 815 2058 docet
832 1993 999 2058 Dominus
1014 1994 1104 2077 apud
1120 1992 1321 2070 Johannem,

432 2139 551 2200 “Aurem
562 2154 650 2200 amen,
662 2140 723 2190 (ilco
735 2140 790 2200 tibi,
801 2139 860 2190 Nisi
872 2139 931 2204 quis
943 2149 1087 2204 generatur
1097 2139 1195 2200 denuo.
1208 2153 1263 2190 uon
1276 2147 1366 2204 potest

490 2206 581 2256 ridere
593 2219 706 2269 regnum
719 2204 792 2256 Μ’
803 2204 849 2269 (rii
862 2207 894 2268 ³)-

305 2354 399 2426 174.
428 2340 546 2406 Homo
563 2361 584 2406 a
605 2341 807 2425 parentibus
825 2361 894 2406 non
913 2341 1066 2406 nascitur
1087 2342 1121 2405 in
1142 2341 1250 2404 vitam
1269 2339 1367 2423 spiri·

246 2433 386 2510 tualem,
399 2434 461 2498 sed
477 2434 511 2498 in
526 2435 634 2499 vitam
650 2433 852 2500 naturalem.
888 2433 973 2498 Vita
985 2433 1169 2517 spiritualis
1181 2440 1235 2497 est
1250 2451 1365 2496 amare

247 2529 359 2592 Deum
377 2549 479 2611 supra
496 2530 622 2606 omnia,
641 2539 678 2594 et
696 2547 811 2594 amare
830 2529 1024 2612 proximum
1043 2529 1129 2592 sicut
1149 2529 1308 2610 seipsum,
1328 2536 1365 2592 et

246 2621 312 2688 hoc
343 2623 530 2687 secundum
556 2633 742 2706 praecepta
767 2621 856 2700 fidei,
880 2643 967 2706 quae
993 2621 1160 2686 Dominus
1187 2621 1221 2686 in
1247 2619 1365 2684 Verbo

246 2718 382 2781 docuit:
412 2717 485 2781 vita
510 2727 627 2782 autem
655 2717 820 2782 naturalis
849 2727 904 2782 est
929 2735 1046 2781 amare
1072 2736 1109 2780 se
1139 2724 1175 2780 et
1201 2715 1365 2779 mundum

246 2831 327 2894 prae
346 2811 516 2894 proximo,
535 2812 640 2876 immo
658 2832 739 2895 prae
758 2812 839 2895 lpso
857 2811 944 2876 Deo.

306 2919 398 2990 175·
426 2905 668 2990 Unusquisque
680 2907 785 2972 homo
798 2909 950 2972 nascitur
964 2907 999 2971 in
1014 2905 1107 2971 mala
1121 2905 1247 2970 amoris
1262 2904 1313 2968 sui
1328 2913 1365 2970 et

248 2999 365 3062 mundi
380 3018 401 3063 a
415 3000 484 3064 suis
500 2999 709 3079 parentibus.
750 2998 864 3064 Omne
876 2999 1014 3074 malum,
1031 2998 1122 3082 quod
1138 3019 1198 3082 per
1209 2997 1365 3062 habitum

247 3101 403 3156 traxerat
415 3094 511 3176 quasi
523 3103 692 3170 naturam,
705 3093 878 3158 derivatur
892 3095 926 3157 in
939 3092 1070 3176 prolem
1083 3113 1091 3171 3
1110 3094 1160 3157 ita
1175 3092 1366 3156 successive

210 3213 217 3226 ·
247 3205 268 3250 a
286 3187 493 3269 parentibus,
513 3187 558 3252 ab
575 3188 658 3264 avis,
675 3197 711 3252 et
730 3187 774 3252 ab
792 3189 905 3254 atavis
923 3187 1029 3270 longa
1046 3197 1139 3251 retro
1155 3186 1262 3251 serie:
1285 3185 1366 3250 inde

247 3279 414 3345 derivatio
437 3280 519 3345 mali
541 3282 683 3346 tandem
706 3281 745 3347 fit
771 3292 882 3358 tanta,
906 3292 944 3347 ut
970 3301 1072 3346 omne
1092 3281 1187 3345 vitae
1211 3280 1366 3364 propriae

247 3373 395 3438 hominis
417 3394 486 3439 non
509 3376 553 3440 sit
577 3377 640 3440 nisi
662 3393 764 3460 quam
786 3376 924 3440 malum.
970 3376 1171 3440 Derivatum
1193 3373 1259 3439 hoc
1283 3393 1366 3438 con·

248 3469 380 3533 tinuum
402 3488 472 3534 non
494 3469 660 3552 frangitur
685 3479 722 3535 et
748 3469 925 3548 alteratur,
948 3487 1050 3553 quam
1077 3489 1137 3552 per
1159 3469 1266 3532 vitam
1289 3465 1367 3532 fidei

249 3571 285 3628 et
303 3563 482 3628 charitatis
500 3583 521 3628 a
539 3563 699 3628 Domino.

309 3661 405 3743 176.
432 3657 536 3741 Quod
557 3659 664 3724 homo
680 3681 727 3724 ex
748 3658 957 3726 hereditario
978 3659 1098 3734 trahit,
1114 3659 1158 3722 ad
1179 3658 1245 3723 hoc
1267 3659 1367 3724 incli-

249 3762 309 3816 nat
328 3752 501 3828 continue,
521 3761 557 3816 et
579 3752 614 3816 in
635 3751 701 3817 hoc
721 3751 865 3817 labitur:
889 3753 969 3818 inde
987 3752 1059 3834 ipse
1078 3749 1258 3816 confirmat
1276 3753 1367 3835 apud

249 3865 286 3910 se
315 3845 348 3909 id
375 3845 513 3922 malum,
537 3855 574 3910 et
596 3866 730 3930 quoque
756 3867 866 3911 exse
892 3846 1089 3930 superaddit
1113 3845 1218 3928 plura.
1270 3845 1366 3912 Haec

250 3939 341 4004 mala
369 3947 449 4004 sunt
479 3960 617 4023 prorsus
646 3941 818 4006 contraria
846 3941 939 4005 vitae
969 3941 1153 4024 spirituali;
1186 3939 1367 4006 destruunt

249 4031 357 4098 illam:
376 4044 584 4117 quapropter
595 4034 658 4097 nisi
670 4033 775 4098 homo
787 4055 807 4098 a
820 4035 970 4099 Domino
978 4035 1102 4117 accipit
1112 4035 1219 4098 vitam
1230 4053 1365 4108 novam,

250 4147 335 4211 quae
353 4137 407 4193 est
425 4129 497 4193 vita
515 4128 708 4211 spiritualis,
725 4129 774 4194 ita
792 4129 855 4193 nisi
874 4149 893 4193 e
912 4149 1002 4192 novo
1020 4129 1220 4211 concipitur,
1238 4149 1257 4192 e
1276 4148 1366 4193 novo

250 4223 410 4299 nascitur,
430 4231 466 4288 et
488 4243 507 4286 e
526 4243 616 4286 novo
635 4221 810 4298 educatur,
830 4222 896 4286 hoc
915 4233 981 4298 est,
1000 4243 1020 4286 e
1039 4241 1129 4286 novo
1146 4232 1292 4298 creatur,
1311 4231 1365 4288 est

250 4316 453 4395 damnatus;
476 4336 556 4381 nam
568 4317 651 4382 nihii
667 4316 759 4382 aliud
771 4315 857 4392 vuit,
871 4327 908 4382 et
923 4318 1003 4381 inde
1019 4317 1102 4381 nihil
1114 4316 1205 4382 aliud
1221 4317 1365 4398 cogitat,

250 4427 352 4494 quam
363 4409 455 4494 quod
470 4411 521 4474 sui
539 4421 575 4475 et
594 4411 711 4474 mundi
726 4419 792 4486 est,
805 4409 960 4476 similiter
975 4421 1012 4475 ut
1031 4411 1159 4476 iaciunt
1175 4410 1209 4474 in
1225 4409 1366 4474 inferno.

309 4519 398 4590 177.
425 4503 541 4570 Nemo
552 4507 746 4590 regenerari
762 4515 880 4589 potest
895 4506 959 4569 nisi
974 4507 1061 4570 sciat
1076 4505 1162 4570 talia
1173 4525 1261 4588 quae
1272 4505 1367 4570 vitae

251 4617 371 4676 novae,
388 4597 453 4664 hoc
469 4607 534 4676 est,
548 4618 634 4682 quae
647 4599 738 4664 vitae
753 4597 938 4682 spiritualis
953 4607 1043 4664 sunt.
1084 4596 1287 4680 Quaesitae
1303 4615 1366 4662 no·
