3322 5298
299 664 339 744 56
571 675 749 728 cnuouas
771 675 902 726 Novas
925 675 1140 728 accessus.

298 847 401 912 Deos.
454 847 583 912 Annon
607 849 654 911 sic
678 847 799 929 religio
821 846 869 911 illi
892 846 984 910 aliud
1006 855 1060 910 est
1083 865 1185 929 quam
1208 847 1358 912 veritas?
1378 858 1414 912 et

296 941 387 1025 quod
410 951 479 1006 tres
503 962 668 1024 personae
691 962 737 1004 ex
753 942 900 1006 veritate
922 941 1080 1004 sinttres
1099 941 1156 1018 dii,
1176 942 1237 1004 sed
1255 942 1348 1025 quod
1370 961 1413 1006 ex

296 1037 459 1118 religione
478 1037 547 1099 sint
566 1056 651 1100 unus
670 1035 786 1100 Deus?
827 1065 829 1068 ·

361 1182 388 1251 5.
420 1167 522 1250 Quod
542 1169 675 1232 trinitas
697 1187 916 1250 personarum
940 1168 973 1231 in
998 1167 1188 1232 Divinitate
1211 1179 1293 1232 ante
1317 1185 1413 1232 mun-

507 1264 587 1326 dum
604 1273 768 1338 creatum,
786 1281 854 1326 non
873 1264 1005 1326 veniret
1029 1263 1063 1326 in
1087 1263 1226 1344 alicujus
1250 1273 1412 1339 mentem,

506 1378 527 1420 a
545 1367 701 1440 ternpore
721 1355 848 1419 Adami
868 1377 972 1438 usque
991 1357 1035 1419 ad
1058 1357 1244 1420 adventum
1265 1358 1412 1430 Domini,

507 1461 544 1514 ut
561 1462 659 1534 patet
674 1472 695 1514 a
711 1451 828 1515 Verbo
842 1449 979 1514 Veteris
995 1451 1222 1527 Testamenti,
1236 1461 1273 1515 et
1288 1453 1331 1515 ab
1346 1453 1413 1515 his-

507 1547 601 1609 toriis
620 1547 663 1632 de
682 1545 846 1627 religione
865 1547 1091 1628 antiquorum.

420 1637 522 1722 Quod
539 1659 600 1704 nec
618 1641 749 1704 venerit
765 1643 798 1702 in
815 1651 968 1702 mentem
985 1639 1246 1722 Apostolorum,
1265 1651 1302 1704 ut
1318 1649 1413 1722 patet

506 1755 525 1798 e
544 1736 679 1818 scriptis
699 1733 833 1798 illorum
854 1735 888 1796 in
908 1731 1034 1798 Verbo.

421 1827 522 1910 Quod
548 1848 610 1892 nec
634 1831 765 1892 venerit
792 1830 825 1892 in
853 1841 1005 1891 mentem
1033 1828 1171 1910 alicujus
1198 1829 1231 1892 in
1260 1827 1414 1892 Ecclesia

507 1923 723 2006 Apostolica‚
736 1943 822 2005 quae
835 1923 896 1986 suit
912 1934 994 1986 ante
1008 1921 1196 1986 Concilium
1214 1921 1412 1999 Nicaenum,

507 2027 544 2082 ut
564 2029 661 2100 patet
680 2039 700 2081 a
717 2015 869 2100 Symbola
883 2016 1085 2097 Apostolica‚
1103 2013 1165 2081 “lin
1184 2038 1252 2100 quo
1269 2037 1338 2080 non
1354 2017 1413 2080 ali·

506 2113 580 2195 quis
597 2111 702 2176 Filius
720 2113 764 2176 ab
779 2121 931 2187 aeterne,
950 2112 1010 2175 sed
1028 2111 1133 2174 Filius
1150 2121 1250 2175 natus
1269 2133 1290 2175 a
1308 2111 1415 2175 Maria

495 2206 650 2292 'Virgine
670 2207 874 2270 nominatur.

420 2301 522 2384 Quod
546 2302 680 2364 trinitas
699 2319 919 2383 personarum
938 2300 982 2362 ab
1001 2309 1143 2364 aeterno
1161 2319 1230 2363 non
1249 2301 1354 2364 modo
1373 2302 1414 2365 sit

508 2416 608 2478 supra
626 2397 805 2471 rationem,
825 2396 886 2459 sed
906 2405 1026 2458 contra
1045 2395 1148 2458 illam.

296 2547 362 2614 Est
378 2558 500 2614 contra
515 2551 684 2613 rationem
698 2548 790 2632 ¹quod
810 2558 881 2612 tres
898 2548 1067 2612 Personae
1079 2549 1269 2612 creaverint
1281 2550 1413 2613 univer·

297 2664 393 2723 sum;
421 2643 512 2727 quod
535 2655 605 2708 tres
628 2643 796 2707 Personae
816 2643 949 2717 suerint,
970 2653 1006 2705 et
1030 2645 1237 2725 unaquaevis
1256 2643 1360 2718 Deus,
1380 2652 1414 2707 et

297 2759 365 2802 non
389 2750 460 2804 tres
483 2740 538 2803 Dii
561 2740 621 2804 sed
645 2757 740 2814 unus,
761 2749 796 2802 et
820 2748 901 2802 tunc
922 2748 992 2801 tres
1012 2737 1180 2802 Personae
1199 2748 1234 2802 et
1258 2757 1327 2802 non
1351 2757 1414 2802 una

216 2897 221 2916 ,
297 2833 455 2898 Persona.

366 2929 501 3007 Numne
518 2927 674 2992 Ecclesia
689 2927 800 2990 futura
817 2926 916 2990 Nova
933 2935 1168 3008 nuncupatura
1183 2928 1227 2990 sit
1243 2927 1413 2990 saeculum

297 3023 473 3087 Ecclesiae
494 3021 632 3087 Veteris
650 3023 829 3084 obscurum
853 3031 912 3085 aut
935 3021 1126 3096 barbarum,
1146 3021 1284 3104 quando
1301 3021 1413 3085 colue-

297 3127 376 3182 runt
399 3127 469 3181 tres
493 3117 608 3181 Deos?
652 3115 814 3180 Similiter
836 3126 916 3179 sunt
939 3115 1149 3179 irrationalia
1172 3115 1231 3178 illa
1257 3135 1344 3198 quae
1370 3135 1414 3179 ex

297 3213 452 3276 trinitate
471 3211 529 3274 illa
547 3213 759 3274 devenerint.

358 3343 388 3408 6.
424 3343 524 3427 Quod
544 3346 678 3409 trinitas
697 3343 919 3408 Personarum
940 3346 972 3408 in
997 3345 1186 3408 Divinitate
1208 3345 1253 3409 ab
1275 3356 1414 3410 aeterno

508 3441 652 3522 primum
669 3439 795 3503 tradita
812 3441 856 3502 sit
872 3459 893 3502 a
911 3437 1066 3503 Concilio
1083 3439 1247 3527 Nicaeno,
1264 3450 1301 3503 ut
1318 3449 1413 3522 patet

507 3554 527 3596 a
543 3533 674 3597 duobus
691 3531 862 3613 Symbolis
876 3532 1030 3596 Nicaeno
1046 3543 1081 3597 et
1095 3532 1357 3612 Athanasian03
1380 3543 1413 3596 et

507 3628 598 3710 quod
617 3635 738 3710 postea
760 3635 797 3690 ut
821 3627 1007 3710 principale
1030 3628 1168 3709 dogma,
1188 3647 1228 3691 ac
1252 3638 1289 3691 ut
1312 3639 1414 3710 caput

508 3717 747 3795 doctrinarum,
775 3721 818 3784 ab
845 3721 998 3784 ecclesiis
1025 3731 1103 3804 post
1131 3721 1214 3784 illud
1241 3742 1347 3805 usque
1373 3721 1414 3785 ad

507 3815 707 3879 hodiernum
728 3815 816 3877 diem
836 3825 975 3897 recepta
994 3816 1048 3878 sit.

420 3909 522 3994 Quod
542 3907 703 3974 [²¹trinitas
726 3909 785 3972 illa
808 3911 935 3973 tradita
958 3911 1001 3974 sit
1030 3913 1050 3973 a
1073 3907 1227 3974 Concilio
1250 3910 1413 3984 Nicaeno,

507 4005 640 4069 fuerunt
664 4005 763 4068 binae
787 4023 929 4082 causae;
961 4005 1079 4086 prima,
1104 4005 1195 4086 quod
1223 4024 1292 4067 non
1317 4004 1414 4068 aliter

507 4101 702 4182 dispergere
725 4099 886 4162 sciverint
909 4097 1072 4162 scandala
1095 4096 1180 4174 Arii,
1205 4099 1260 4180 qui
1285 4099 1413 4162 Divini-

507 4204 616 4256 tatem
637 4193 774 4255 Domini
794 4192 965 4274 negabat;
992 4192 1111 4266 altera,
1128 4193 1206 4274 quia
1225 4211 1294 4254 non
1312 4192 1413 4255 intel·

507 4287 655 4350 lexerint
684 4287 741 4350 illa
767 4307 853 4370 quae
880 4288 1006 4369 scripta
1033 4297 1112 4350 sunt
1139 4307 1199 4370 per
1225 4285 1415 4362 Johannem

506 4379 764 4464 Evangelistam

610 4513 677 4578 (cap.
690 4514 706 4564 i.
720 4527 742 4574 1,
755 4526 777 4575 a,
793 4526 829 4574 ro,
843 4527 888 4576 r4;
906 4529 962 4578 cap.
975 4513 1028 4564 xri.
1041 4514 1090 4575 28;
1108 4527 1165 4579 cop.
1177 4514 1239 4566 xvii.
1253 4513 1286 4578 5).

296 4639 439 4701 (Quomodo
449 4638 490 4686 111⁸
500 4637 654 4700 intelligenda
663 4644 726 4694 aunt,
736 4639 846 4684 videatur
855 4635 947 4698 omre.)
