3352 5298
581 651 634 703 DE
656 651 762 705 Nova
785 652 1061 707 HIEROSOLYMA

780 1113 860 1201 [Vh]

333 1333 409 1412 DE
442 1333 638 1412 AMORE
673 1333 820 1412 ERGA
856 1334 1166 1424 PROXIMUM,
1202 1337 1305 1415 SEU

607 1469 682 1546 DE
715 1469 1039 1546 CHARlTATE
1209 1473 1224 1481 “

401 1951 578 2024 amandus,
602 1959 638 2014 et
669 1969 752 2032 erga
780 1967 882 2032 quem
911 1947 1062 2012 charitas
1084 1949 1279 2013 exercenda
1305 1958 1379 2012 est:

402 2044 465 2108 nisi
495 2043 586 2108 enim
616 2044 721 2107 scitur
753 2044 833 2126 quid
863 2045 1051 2127 proximus,
1082 2043 1234 2108 charitas
1263 2053 1381 2128 potest

403 2139 556 2204 exerceri
589 2137 689 2202 simili
719 2139 825 2203 modo
854 2139 982 2222 absque
1012 2137 1242 2214 distinctione,
1273 2160 1380 2223 aeque

258 1787 539 2126 PRIMUM
562 1854 695 1918 dicetur
724 1853 804 1938 quid
825 1851 1022 1928 Proxumus,
1046 1851 1104 1917 ille
1130 1853 1221 1918 enim
1243 1862 1298 1918 est
1324 1853 1381 1937 qui

258 2255 342 2319 erga
360 2235 470 2299 malos
489 2251 590 2318 quarn
609 2253 691 2316 erga
709 2233 830 2308 bonos,
848 2235 938 2298 unde
955 2233 1106 2298 charitas
1124 2253 1194 2298 non
1212 2233 1250 2299 fit
1269 2235 1380 2299 chari-

258 2341 335 2410 tas;
366 2328 447 2394 mali
470 2329 560 2393 enim
591 2349 636 2392 ex
666 2326 853 2394 benefactis
875 2327 1095 2392 malefaciunt
1125 2329 1295 2412 proximo,
1319 2329 1380 2394 sed

257 2425 338 2489 boni
357 2423 585 2489 benefaciunt.

318 2517 389 2601 85.
417 2516 619 2581 Communis
637 2515 754 2599 opinio
771 2515 874 2580 hodie
894 2523 949 2579 est
971 2515 1064 2598 quod
1082 2516 1194 2579 omnis
1212 2516 1318 2580 homo
1335 2517 1380 2582 sit

257 2635 366 2698 aeque
382 2614 569 2698 proximus,
587 2622 623 2678 et
642 2612 734 2696 quod
753 2611 1033 2678 benefaciendum
1050 2613 1094 2677 sit
1114 2615 1219 2677 cuivis
1234 2615 1290 2697 qui
1305 2614 1381 2697 opis

257 2709 411 2791 indiget3
431 2707 491 2773 sed
509 2707 710 2790 prudentiae
726 2705 942 2771 Christianae
961 2707 1116 2782 interest,
1134 2709 1221 2772 bene
1237 2708 1381 2772 scrutari

257 2803 367 2887 qualis
396 2803 543 2867 hominis
573 2803 646 2866 vita
675 2812 741 2876 est,
766 2811 803 2866 et
833 2801 1040 2866 charitatem
1070 2803 1255 2866 secundum
1286 2801 1379 2866 illam

258 2917 429 2962 exercere.
469 2897 631 2960 Internae
644 2896 811 2961 ecclesiae
823 2896 1014 2960 homocum
1026 2895 1230 2971 discrimine,
1242 2897 1291 2960 ita
1302 2915 1378 2962 cum

257 2991 499 3074 intelligentia,
513 2991 547 3054 id
563 2991 635 3074 agit
651 3013 659 3070 ;
683 3001 719 3056 at
732 3000 899 3055 externae
912 2991 1078 3055 ecclesiae
1091 2991 1206 3067 horno,
1220 2992 1380 3074 quianon

256 3087 307 3152 ita
325 3087 519 3150 discernere
538 3105 591 3148 res
611 3095 739 3168 potest,
759 3085 1054 3150 indiscriminatim
1073 3084 1166 3149 iacit.

317 3182 392 3249 86.
421 3181 627 3246 Discrimina
643 3182 804 3265 proximi,
821 3201 909 3265 quae
927 3181 1033 3256 homo
1055 3181 1223 3246 ecclesiae
1239 3183 1380 3247 omnino

256 3275 343 3339 scire
366 3273 482 3350 debet,
506 3295 542 3339 se
569 3275 700 3339 habent
723 3274 909 3338 secundum
932 3274 1071 3350 bonum,
1095 3275 1187 3358 quod
1213 3285 1267 3338 est
1290 3275 1379 3358 apud

256 3371 539 3452 unumquemvis;
567 3379 603 3434 et
626 3369 705 3452 quia
726 3388 828 3434 omne
851 3369 978 3432 bonurn
998 3368 1153 3452 procedit
1175 3387 1195 3432 a
1219 3369 1378 3444 Domino,

256 3475 311 3529 est
331 3464 498 3528 Dominus
517 3465 550 3528 in
569 3483 729 3547 supremo
747 3483 849 3528 sensu
867 3483 907 3528 ac
927 3465 961 3527 in
980 3465 1255 3546 supereminente
1271 3463 1380 3547 gradu

256 3558 447 3636 Proximus,
464 3579 485 3623 a
500 3581 568 3644 quo
586 3560 694 3642 origo.
736 3559 821 3624 Inde
840 3559 994 3643 sequitur
1012 3559 1103 3642 quod
1122 3569 1287 3642 quantum
1307 3559 1378 3624 Do·

256 3653 339 3718 mini
357 3653 478 3738 aliquis
496 3655 586 3738 apud
605 3675 642 3719 se
661 3653 777 3730 habet,
795 3663 931 3718 tantum
951 3653 996 3718 sit
1019 3653 1219 3736 proximus;
1246 3664 1283 3718 et
1301 3655 1380 3737 quia

255 3748 369 3812 nullus
388 3749 488 3812 simili
508 3749 611 3813 modo
629 3749 751 3831 recipit
771 3747 1044 3825 Dominum,hoc
1064 3757 1129 3824 est,
1141 3747 1269 3812 bonum
1288 3748 1379 3834 quod

255 3843 300 3907 ab
322 3843 413 3927 Ipso,
433 3844 559 3908 idcirco
583 3863 653 3907 non
676 3863 762 3908 unus
785 3843 886 3908 simili
909 3844 1014 3908 modo
1036 3853 1090 3909 est
1114 3845 1289 3928 proximus
1311 3863 1379 3927 quo

255 3938 364 4002 alter:
384 3957 504 4002 omnes
514 3939 604 4003 enim
618 3939 674 4022 qui
690 3939 723 4002 in
736 3938 841 4003 caelis
854 3949 945 4016 sunt,
957 3949 993 4004 et
1005 3959 1125 4004 omnes
1138 3940 1194 4022 qui
1206 3939 1287 4020 boni
1299 3949 1378 4003 sunt

255 4035 290 4098 in
310 4034 420 4110 terris,
434 4033 592 4098 differunt
609 4035 721 4113 bono;
746 4053 911 4118 nusquam
928 4035 1030 4099 datur
1044 4035 1133 4118 apud
1151 4035 1236 4099 duos
1251 4035 1378 4100 bonum

255 4149 392 4212 prorsus
416 4148 518 4193 unum
541 4139 577 4193 et
605 4129 716 4208 idem;
746 4129 876 4193 varium
899 4130 963 4194 erit
987 4139 1024 4194 ut
1048 4129 1296 4212 unumquodvis
1320 4149 1379 4212 per

255 4245 292 4288 se
319 4221 514 4288 subsistat.'
540 4222 609 4288 Sed
632 4225 747 4288 omnia
769 4223 828 4288 illa
850 4225 954 4300 varia,
974 4225 1024 4288 ita
1046 4225 1161 4288 omnia
1183 4225 1379 4289 discrimina

254 4317 414 4400 proximi,
434 4337 521 4402 quae
543 4338 580 4382 se
603 4317 734 4382 habent
757 4319 945 4383 secundum
968 4319 1202 4402 receptionem
1227 4319 1377 4392 Domini,

253 4413 321 4477 hoc
352 4423 417 4490 est,
441 4411 629 4478 secundum
656 4414 891 4496 receptionem
914 4413 995 4478 boni
1024 4415 1069 4478 ab
1099 4413 1190 4496 Ipso,
1211 4408 1378 4498 nusquam

254 4507 375 4592 aliquis
398 4507 513 4584 homo,
533 4528 577 4572 ne
599 4508 736 4592 quidem
755 4508 910 4592 angelus,
930 4510 1017 4574 scire
1040 4517 1169 4592 potest,
1189 4509 1250 4573 sed
1274 4507 1378 4572 modo

254 4604 289 4667 in
312 4603 495 4682 communi,
516 4605 564 4669 ita
587 4623 715 4687 genera
736 4613 773 4670 et
796 4603 918 4670 horum
940 4605 1093 4689 species;
1121 4623 1184 4670 nec
1208 4602 1375 4668 Dominus
