<?xml version="1.0" encoding="UTF-8"?>
<!DOCTYPE html PUBLIC "-//W3C//DTD XHTML 1.0 Transitional//EN"
    "http://www.w3.org/TR/xhtml1/DTD/xhtml1-transitional.dtd">
<html xmlns="http://www.w3.org/1999/xhtml" xml:lang="en" lang="en">
 <head>
  <title>
</title>
<meta http-equiv="Content-Type" content="text/html;charset=utf-8" />
  <meta name='ocr-system' content='tesseract 3.04.00' />
  <meta name='ocr-capabilities' content='ocr_page ocr_carea ocr_par ocr_line ocrx_word'/>
</head>
<body>
  <div class='ocr_page' id='page_1' title='image "./denovahierosoly00swedgoog_0466.png"; bbox 0 0 3338 5300; ppageno 0'>
   <div class='ocr_carea' id='block_1_1' title="bbox 353 621 1398 704">
    <p class='ocr_par' dir='ltr' id='par_1_1' title="bbox 353 621 1398 704">
     <span class='ocr_line' id='line_1_1' title="bbox 353 621 1398 704; baseline 0.002 -22"><span class='ocrx_word' id='word_1_1' title='bbox 353 631 557 684; x_wconf 79' lang='lat' dir='ltr'>ECCLESIAE</span> <span class='ocrx_word' id='word_1_2' title='bbox 573 631 838 684; x_wconf 79' lang='lat' dir='ltr'>ISRAELITICAE</span> <span class='ocrx_word' id='word_1_3' title='bbox 854 633 994 685; x_wconf 76' lang='lat' dir='ltr'>STATUS</span> <span class='ocrx_word' id='word_1_4' title='bbox 1009 633 1258 686; x_wconf 68' lang='lat' dir='ltr'>Taunus-N.</span> <span class='ocrx_word' id='word_1_5' title='bbox 1274 635 1321 704; x_wconf 76' lang='lat'>54</span> <span class='ocrx_word' id='word_1_6' title='bbox 1358 621 1398 702; x_wconf 83' lang='lat'>63</span> 
     </span>
    </p>
   </div>
   <div class='ocr_carea' id='block_1_2' title="bbox 235 799 1399 2666">
    <p class='ocr_par' dir='ltr' id='par_1_2' title="bbox 235 799 1399 2494">
     <span class='ocr_line' id='line_1_2' title="bbox 279 799 1398 886; baseline 0.002 -20"><span class='ocrx_word' id='word_1_7' title='bbox 279 802 409 878; x_wconf 91' lang='lat' dir='ltr'>horum,</span> <span class='ocrx_word' id='word_1_8' title='bbox 430 812 465 866; x_wconf 89' lang='lat' dir='ltr'>et</span> <span class='ocrx_word' id='word_1_9' title='bbox 489 799 764 867; x_wconf 70' lang='lat' dir='ltr'>Sanctificatione</span> <span class='ocrx_word' id='word_1_10' title='bbox 787 803 936 868; x_wconf 93' lang='lat' dir='ltr'>omnium</span> <span class='ocrx_word' id='word_1_11' title='bbox 956 802 1181 867; x_wconf 90' lang='lat' dir='ltr'>Tabernaculi</span> <span class='ocrx_word' id='word_1_12' title='bbox 1204 825 1264 886; x_wconf 91' lang='lat' dir='ltr'>per</span> <span class='ocrx_word' id='word_1_13' title='bbox 1286 803 1398 868; x_wconf 90' lang='lat' dir='ltr'>oleum</span> 
     </span>
     <span class='ocr_line' id='line_1_3' title="bbox 279 893 1398 980; baseline 0.001 -19"><span class='ocrx_word' id='word_1_14' title='bbox 279 893 465 975; x_wconf 69' lang='lat' dir='ltr'>unctionis3</span> <span class='ocrx_word' id='word_1_15' title='bbox 498 907 533 960; x_wconf 88' lang='lat' dir='ltr'>et</span> <span class='ocrx_word' id='word_1_16' title='bbox 560 918 670 980; x_wconf 89' lang='lat' dir='ltr'>porro,</span> <span class='ocrx_word' id='word_1_17' title='bbox 695 897 738 960; x_wconf 91' lang='lat' dir='ltr'>de</span> <span class='ocrx_word' id='word_1_18' title='bbox 762 895 889 962; x_wconf 86' lang='lat' dir='ltr'>Ordine</span> <span class='ocrx_word' id='word_1_19' title='bbox 912 897 1079 975; x_wconf 91' lang='lat' dir='ltr'>Levitico,</span> <span class='ocrx_word' id='word_1_20' title='bbox 1103 899 1146 962; x_wconf 93' lang='lat' dir='ltr'>de</span> <span class='ocrx_word' id='word_1_21' title='bbox 1173 898 1398 964; x_wconf 90' lang='lat' dir='ltr'>Matrimoniis</span> 
     </span>
     <span class='ocr_line' id='line_1_4' title="bbox 279 991 1397 1075; baseline 0.001 -19"><span class='ocrx_word' id='word_1_22' title='bbox 279 1001 314 1056; x_wconf 91' lang='lat' dir='ltr'>et</span> <span class='ocrx_word' id='word_1_23' title='bbox 330 991 503 1069; x_wconf 88' lang='lat' dir='ltr'>Divortiis,</span> <span class='ocrx_word' id='word_1_24' title='bbox 521 992 564 1055; x_wconf 89' lang='lat' dir='ltr'>de</span> <span class='ocrx_word' id='word_1_25' title='bbox 581 991 879 1072; x_wconf 88' lang='lat' dir='ltr'>Mundationibus;</span> <span class='ocrx_word' id='word_1_26' title='bbox 902 993 945 1056; x_wconf 92' lang='lat' dir='ltr'>de</span> <span class='ocrx_word' id='word_1_27' title='bbox 961 992 1063 1069; x_wconf 88' lang='lat' dir='ltr'><strong>Cibis,</strong></span> <span class='ocrx_word' id='word_1_28' title='bbox 1080 993 1123 1056; x_wconf 91' lang='lat' dir='ltr'>de</span> <span class='ocrx_word' id='word_1_29' title='bbox 1139 991 1277 1074; x_wconf 88' lang='lat' dir='ltr'>Asylis;</span> <span class='ocrx_word' id='word_1_30' title='bbox 1301 1014 1397 1075; x_wconf 91' lang='lat' dir='ltr'>prae-</span> 
     </span>
     <span class='ocr_line' id='line_1_5' title="bbox 278 1081 1397 1179; baseline 0 -28"><span class='ocrx_word' id='word_1_31' title='bbox 278 1097 331 1151; x_wconf 89' lang='lat' dir='ltr'>ter</span> <span class='ocrx_word' id='word_1_32' title='bbox 359 1087 508 1171; x_wconf 89' lang='lat' dir='ltr'>pluribus</span> <span class='ocrx_word' id='word_1_33' title='bbox 537 1081 622 1163; x_wconf 78' lang='lat' dir='ltr'>aliis,</span> <span class='ocrx_word' id='word_1_34' title='bbox 650 1107 736 1170; x_wconf 90' lang='lat' dir='ltr'>quae</span> <span class='ocrx_word' id='word_1_35' title='bbox 765 1088 880 1152; x_wconf 89' lang='lat' dir='ltr'>omnia</span> <span class='ocrx_word' id='word_1_36' title='bbox 905 1088 1038 1152; x_wconf 85' lang='lat' dir='ltr'>fuerunt</span> <span class='ocrx_word' id='word_1_37' title='bbox 1065 1090 1397 1179; x_wconf 78' lang='lat' dir='ltr'>repraesentationes</span> 
     </span>
     <span class='ocr_line' id='line_1_6' title="bbox 279 1179 1395 1266; baseline 0.002 -20"><span class='ocrx_word' id='word_1_38' title='bbox 279 1182 452 1246; x_wconf 81' lang='lat' dir='ltr'><strong>naturales</strong></span> <span class='ocrx_word' id='word_1_39' title='bbox 475 1181 781 1264; x_wconf 85' lang='lat' dir='ltr'>correspondentes</span> <span class='ocrx_word' id='word_1_40' title='bbox 804 1181 1050 1265; x_wconf 88' lang='lat' dir='ltr'>spiritualibus;</span> <span class='ocrx_word' id='word_1_41' title='bbox 1074 1179 1203 1256; x_wconf 72' lang='lat' dir='ltr'>verbol¹¹</span> <span class='ocrx_word' id='word_1_42' title='bbox 1220 1183 1295 1246; x_wconf 89' lang='lat' dir='ltr'>libri</span> <span class='ocrx_word' id='word_1_43' title='bbox 1313 1205 1395 1266; x_wconf 89' lang='lat' dir='ltr'>qua-</span> 
     </span>
     <span class='ocr_line' id='line_1_7' title="bbox 235 1276 1397 1360; baseline 0.003 -21"><span class='ocrx_word' id='word_1_44' title='bbox 235 1335 240 1350; x_wconf 66' lang='lat'>,</span> <span class='ocrx_word' id='word_1_45' title='bbox 278 1287 355 1340; x_wconf 90' lang='lat' dir='ltr'>tuor</span> <span class='ocrx_word' id='word_1_46' title='bbox 377 1278 582 1360; x_wconf 83' lang='lat' dir='ltr'>posteriores</span> <span class='ocrx_word' id='word_1_47' title='bbox 606 1276 712 1340; x_wconf 89' lang='lat' dir='ltr'>Mosis</span> <span class='ocrx_word' id='word_1_48' title='bbox 736 1295 804 1340; x_wconf 93' lang='lat' dir='ltr'>non</span> <span class='ocrx_word' id='word_1_49' title='bbox 827 1286 906 1340; x_wconf 91' lang='lat' dir='ltr'>sunt</span> <span class='ocrx_word' id='word_1_50' title='bbox 925 1276 1016 1340; x_wconf 90' lang='lat' dir='ltr'>aliud</span> <span class='ocrx_word' id='word_1_51' title='bbox 1034 1297 1135 1360; x_wconf 87' lang='lat' dir='ltr'>quam</span> <span class='ocrx_word' id='word_1_52' title='bbox 1155 1276 1229 1340; x_wconf 85' lang='lat' dir='ltr'>libri</span> <span class='ocrx_word' id='word_1_53' title='bbox 1252 1278 1397 1342; x_wconf 90' lang='lat' dir='ltr'>instruc·</span> 
     </span>
     <span class='ocr_line' id='line_1_8' title="bbox 278 1367 1396 1454; baseline 0.003 -20"><span class='ocrx_word' id='word_1_54' title='bbox 278 1372 380 1434; x_wconf 91' lang='lat' dir='ltr'>tionis</span> <span class='ocrx_word' id='word_1_55' title='bbox 402 1391 463 1454; x_wconf 88' lang='lat' dir='ltr'>pro</span> <span class='ocrx_word' id='word_1_56' title='bbox 482 1370 539 1434; x_wconf 90' lang='lat' dir='ltr'>illa</span> <span class='ocrx_word' id='word_1_57' title='bbox 558 1367 741 1434; x_wconf 49' lang='lat' dir='ltr'>Ecclesia(</span> <span class='ocrx_word' id='word_1_58' title='bbox 771 1371 852 1436; x_wconf 88' lang='lat' dir='ltr'><strong>Post</strong></span> <span class='ocrx_word' id='word_1_59' title='bbox 871 1371 932 1436; x_wconf 90' lang='lat' dir='ltr'>has</span> <span class='ocrx_word' id='word_1_60' title='bbox 950 1369 1191 1435; x_wconf 72' lang='lat' dir='ltr'>instrudtiones</span> <span class='ocrx_word' id='word_1_61' title='bbox 1210 1371 1267 1435; x_wconf 89' lang='lat' dir='ltr'>filii</span> <span class='ocrx_word' id='word_1_62' title='bbox 1287 1372 1396 1437; x_wconf 88' lang='lat' dir='ltr'>Israe-</span> 
     </span>
     <span class='ocr_line' id='line_1_9' title="bbox 278 1464 1396 1550; baseline 0.003 -22"><span class='ocrx_word' id='word_1_63' title='bbox 278 1465 317 1528; x_wconf 90' lang='lat' dir='ltr'>lis</span> <span class='ocrx_word' id='word_1_64' title='bbox 336 1467 520 1530; x_wconf 85' lang='lat' dir='ltr'>intromissi</span> <span class='ocrx_word' id='word_1_65' title='bbox 538 1475 617 1528; x_wconf 89' lang='lat' dir='ltr'>sunt</span> <span class='ocrx_word' id='word_1_66' title='bbox 635 1467 669 1528; x_wconf 93' lang='lat' dir='ltr'>in</span> <span class='ocrx_word' id='word_1_67' title='bbox 693 1464 834 1529; x_wconf 88' lang='lat' dir='ltr'>Terram</span> <span class='ocrx_word' id='word_1_68' title='bbox 850 1465 1057 1541; x_wconf 86' lang='lat' dir='ltr'>Canaanem,</span> <span class='ocrx_word' id='word_1_69' title='bbox 1075 1466 1216 1548; x_wconf 90' lang='lat' dir='ltr'>proinde</span> <span class='ocrx_word' id='word_1_70' title='bbox 1235 1467 1269 1530; x_wconf 93' lang='lat' dir='ltr'>in</span> <span class='ocrx_word' id='word_1_71' title='bbox 1288 1467 1396 1550; x_wconf 87' lang='lat' dir='ltr'>ipsam</span> 
     </span>
     <span class='ocr_line' id='line_1_10' title="bbox 277 1558 1396 1642; baseline 0.003 -19"><span class='ocrx_word' id='word_1_72' title='bbox 277 1559 469 1623; x_wconf 83' lang='lat' dir='ltr'>Ecclesiam</span> <span class='ocrx_word' id='word_1_73' title='bbox 481 1581 489 1638; x_wconf 92' lang='lat'>;</span> <span class='ocrx_word' id='word_1_74' title='bbox 522 1579 601 1624; x_wconf 91' lang='lat' dir='ltr'>nam</span> <span class='ocrx_word' id='word_1_75' title='bbox 622 1558 756 1623; x_wconf 87' lang='lat' dir='ltr'>“Terra</span> <span class='ocrx_word' id='word_1_76' title='bbox 775 1558 937 1624; x_wconf 88' lang='lat' dir='ltr'>Canaan&#39;’</span> <span class='ocrx_word' id='word_1_77' title='bbox 956 1560 1235 1642; x_wconf 85' lang='lat' dir='ltr'>repraesentabat</span> <span class='ocrx_word' id='word_1_78' title='bbox 1259 1571 1294 1625; x_wconf 90' lang='lat' dir='ltr'>et</span> <span class='ocrx_word' id='word_1_79' title='bbox 1317 1563 1396 1626; x_wconf 92' lang='lat' dir='ltr'>inde</span> 
     </span>
     <span class='ocr_line' id='line_1_11' title="bbox 277 1653 1397 1736; baseline 0.002 -19"><span class='ocrx_word' id='word_1_80' title='bbox 277 1653 491 1736; x_wconf 85' lang='lat' dir='ltr'>significabat</span> <span class='ocrx_word' id='word_1_81' title='bbox 510 1653 722 1732; x_wconf 66' lang='lat' dir='ltr'>Ecclesiam</span> <span class='ocrx_word' id='word_1_82' title='bbox 749 1663 823 1716; x_wconf 87' lang='lat' dir='ltr'>erat</span> <span class='ocrx_word' id='word_1_83' title='bbox 841 1655 945 1718; x_wconf 90' lang='lat' dir='ltr'>etiam</span> <span class='ocrx_word' id='word_1_84' title='bbox 965 1664 1056 1718; x_wconf 90' lang='lat' dir='ltr'>terra</span> <span class='ocrx_word' id='word_1_85' title='bbox 1073 1653 1131 1718; x_wconf 89' lang='lat' dir='ltr'>illa</span> <span class='ocrx_word' id='word_1_86' title='bbox 1153 1655 1188 1716; x_wconf 94' lang='lat' dir='ltr'>in</span> <span class='ocrx_word' id='word_1_87' title='bbox 1207 1654 1397 1719; x_wconf 89' lang='lat' dir='ltr'>meditullio</span> 
     </span>
     <span class='ocr_line' id='line_1_12' title="bbox 277 1745 1395 1832; baseline 0 -20"><span class='ocrx_word' id='word_1_88' title='bbox 277 1751 383 1812; x_wconf 87' lang='lat' dir='ltr'>totius</span> <span class='ocrx_word' id='word_1_89' title='bbox 399 1749 488 1812; x_wconf 91' lang='lat' dir='ltr'>orbis</span> <span class='ocrx_word' id='word_1_90' title='bbox 504 1749 621 1822; x_wconf 85' lang='lat' dir='ltr'>nostri,</span> <span class='ocrx_word' id='word_1_91' title='bbox 640 1767 718 1812; x_wconf 91' lang='lat' dir='ltr'>nam</span> <span class='ocrx_word' id='word_1_92' title='bbox 735 1769 755 1812; x_wconf 88' lang='lat' dir='ltr'>a</span> <span class='ocrx_word' id='word_1_93' title='bbox 773 1757 870 1830; x_wconf 86' lang='lat' dir='ltr'>parte</span> <span class='ocrx_word' id='word_1_94' title='bbox 886 1749 1000 1812; x_wconf 87' lang='lat' dir='ltr'>antica</span> <span class='ocrx_word' id='word_1_95' title='bbox 1016 1745 1195 1830; x_wconf 68' lang='lat' dir='ltr'>spedtabat</span> <span class='ocrx_word' id='word_1_96' title='bbox 1212 1747 1395 1832; x_wconf 81' lang='lat' dir='ltr'>Europam,</span> 
     </span>
     <span class='ocr_line' id='line_1_13' title="bbox 276 1842 1396 1927; baseline 0 -20"><span class='ocrx_word' id='word_1_97' title='bbox 276 1865 297 1907; x_wconf 87' lang='lat' dir='ltr'>a</span> <span class='ocrx_word' id='word_1_98' title='bbox 313 1854 409 1926; x_wconf 89' lang='lat' dir='ltr'>parte</span> <span class='ocrx_word' id='word_1_99' title='bbox 426 1845 560 1908; x_wconf 88' lang='lat' dir='ltr'>sinistra</span> <span class='ocrx_word' id='word_1_100' title='bbox 574 1843 736 1926; x_wconf 79' lang='lat' dir='ltr'>Africam,</span> <span class='ocrx_word' id='word_1_101' title='bbox 751 1863 836 1925; x_wconf 90' lang='lat' dir='ltr'>aque</span> <span class='ocrx_word' id='word_1_102' title='bbox 853 1852 949 1927; x_wconf 89' lang='lat' dir='ltr'>parte</span> <span class='ocrx_word' id='word_1_103' title='bbox 965 1845 1098 1926; x_wconf 90' lang='lat' dir='ltr'>postica</span> <span class='ocrx_word' id='word_1_104' title='bbox 1113 1853 1148 1906; x_wconf 93' lang='lat' dir='ltr'>et</span> <span class='ocrx_word' id='word_1_105' title='bbox 1166 1842 1297 1906; x_wconf 87' lang='lat' dir='ltr'>laterali</span> <span class='ocrx_word' id='word_1_106' title='bbox 1310 1844 1396 1908; x_wconf 90' lang='lat' dir='ltr'>dex·</span> 
     </span>
     <span class='ocr_line' id='line_1_14' title="bbox 276 1937 1399 2024; baseline 0 -22"><span class='ocrx_word' id='word_1_107' title='bbox 276 1948 330 2002; x_wconf 87' lang='lat' dir='ltr'>tra</span> <span class='ocrx_word' id='word_1_108' title='bbox 348 1938 479 2003; x_wconf 91' lang='lat' dir='ltr'>Asiam.</span> <span class='ocrx_word' id='word_1_109' title='bbox 525 1939 711 2022; x_wconf 88' lang='lat' dir='ltr'>Praecepta</span> <span class='ocrx_word' id='word_1_110' title='bbox 729 1959 810 2002; x_wconf 89' lang='lat' dir='ltr'>vero</span> <span class='ocrx_word' id='word_1_111' title='bbox 833 1959 893 2020; x_wconf 92' lang='lat' dir='ltr'>per</span> <span class='ocrx_word' id='word_1_112' title='bbox 912 1937 1033 2002; x_wconf 87' lang='lat' dir='ltr'>Mosen</span> <span class='ocrx_word' id='word_1_113' title='bbox 1057 1938 1138 2013; x_wconf 90' lang='lat' dir='ltr'>lata,</span> <span class='ocrx_word' id='word_1_114' title='bbox 1159 1941 1399 2024; x_wconf 85' lang='lat' dir='ltr'>postquamin</span> 
     </span>
     <span class='ocr_line' id='line_1_15' title="bbox 276 2031 1394 2116; baseline 0.002 -19"><span class='ocrx_word' id='word_1_115' title='bbox 276 2034 417 2098; x_wconf 89' lang='lat' dir='ltr'>Terram</span> <span class='ocrx_word' id='word_1_116' title='bbox 433 2033 526 2096; x_wconf 87' lang='lat' dir='ltr'>illam</span> <span class='ocrx_word' id='word_1_117' title='bbox 543 2043 779 2116; x_wconf 89' lang='lat' dir='ltr'>pervenerunt,</span> <span class='ocrx_word' id='word_1_118' title='bbox 798 2031 1009 2114; x_wconf 88' lang='lat' dir='ltr'>locupletata</span> <span class='ocrx_word' id='word_1_119' title='bbox 1025 2043 1103 2096; x_wconf 91' lang='lat' dir='ltr'>sunt</span> <span class='ocrx_word' id='word_1_120' title='bbox 1119 2054 1179 2115; x_wconf 93' lang='lat' dir='ltr'>per</span> <span class='ocrx_word' id='word_1_121' title='bbox 1195 2033 1394 2116; x_wconf 88' lang='lat' dir='ltr'>Prophetas,</span> 
     </span>
     <span class='ocr_line' id='line_1_16' title="bbox 276 2125 1395 2212; baseline 0.001 -20"><span class='ocrx_word' id='word_1_122' title='bbox 276 2129 399 2193; x_wconf 89' lang='lat' dir='ltr'>deinde</span> <span class='ocrx_word' id='word_1_123' title='bbox 421 2149 481 2212; x_wconf 90' lang='lat' dir='ltr'>per</span> <span class='ocrx_word' id='word_1_124' title='bbox 501 2128 668 2192; x_wconf 88' lang='lat' dir='ltr'>Davidem</span> <span class='ocrx_word' id='word_1_125' title='bbox 688 2127 832 2210; x_wconf 86' lang='lat' dir='ltr'>Regem,</span> <span class='ocrx_word' id='word_1_126' title='bbox 853 2137 888 2191; x_wconf 92' lang='lat' dir='ltr'>et</span> <span class='ocrx_word' id='word_1_127' title='bbox 907 2127 1043 2192; x_wconf 90' lang='lat' dir='ltr'>demum</span> <span class='ocrx_word' id='word_1_128' title='bbox 1065 2125 1153 2210; x_wconf 91' lang='lat' dir='ltr'>[per]</span> <span class='ocrx_word' id='word_1_129' title='bbox 1176 2126 1395 2193; x_wconf 90' lang='lat' dir='ltr'>Salomonem</span> 
     </span>
     <span class='ocr_line' id='line_1_17' title="bbox 276 2221 1396 2307; baseline 0.001 -21"><span class='ocrx_word' id='word_1_130' title='bbox 276 2233 458 2307; x_wconf 88' lang='lat' dir='ltr'>postquam</span> <span class='ocrx_word' id='word_1_131' title='bbox 468 2222 650 2305; x_wconf 90' lang='lat' dir='ltr'>Templum</span> <span class='ocrx_word' id='word_1_132' title='bbox 660 2221 874 2286; x_wconf 88' lang='lat' dir='ltr'>aedificatum</span> <span class='ocrx_word' id='word_1_133' title='bbox 888 2233 940 2285; x_wconf 92' lang='lat' dir='ltr'>est</span> <span class='ocrx_word' id='word_1_134' title='bbox 952 2244 960 2300; x_wconf 92' lang='lat'>;</span> <span class='ocrx_word' id='word_1_135' title='bbox 977 2223 1066 2306; x_wconf 92' lang='lat' dir='ltr'>quod</span> <span class='ocrx_word' id='word_1_136' title='bbox 1080 2231 1218 2286; x_wconf 90' lang='lat' dir='ltr'>constat</span> <span class='ocrx_word' id='word_1_137' title='bbox 1231 2244 1275 2286; x_wconf 88' lang='lat' dir='ltr'>ex</span> <span class='ocrx_word' id='word_1_138' title='bbox 1287 2223 1396 2287; x_wconf 91' lang='lat' dir='ltr'>Libris</span> 
     </span>
     <span class='ocr_line' id='line_1_18' title="bbox 276 2315 1395 2398; baseline 0.001 -17"><span class='ocrx_word' id='word_1_139' title='bbox 276 2317 446 2393; x_wconf 63' lang='lat' dir='ltr'>Judaeum,</span> <span class='ocrx_word' id='word_1_140' title='bbox 459 2315 635 2392; x_wconf 66' lang='lat' dir='ltr'>Samuelis,</span> <span class='ocrx_word' id='word_1_141' title='bbox 647 2326 682 2380; x_wconf 90' lang='lat' dir='ltr'>et</span> <span class='ocrx_word' id='word_1_142' title='bbox 692 2316 830 2398; x_wconf 80' lang='lat' dir='ltr'>Regum.</span> <span class='ocrx_word' id='word_1_143' title='bbox 866 2315 931 2380; x_wconf 90' lang='lat' dir='ltr'>Hic</span> <span class='ocrx_word' id='word_1_144' title='bbox 945 2317 1059 2398; x_wconf 91' lang='lat' dir='ltr'>itaque</span> <span class='ocrx_word' id='word_1_145' title='bbox 1071 2315 1131 2380; x_wconf 83' lang='lat' dir='ltr'>suit</span> <span class='ocrx_word' id='word_1_146' title='bbox 1144 2319 1311 2380; x_wconf 91' lang='lat' dir='ltr'>secundus</span> <span class='ocrx_word' id='word_1_147' title='bbox 1324 2329 1395 2382; x_wconf 91' lang='lat' dir='ltr'>sta·</span> 
     </span>
     <span class='ocr_line' id='line_1_19' title="bbox 276 2409 1338 2494; baseline -0.001 -19"><span class='ocrx_word' id='word_1_148' title='bbox 276 2421 331 2476; x_wconf 89' lang='lat' dir='ltr'>tus</span> <span class='ocrx_word' id='word_1_149' title='bbox 347 2411 534 2484; x_wconf 86' lang='lat' dir='ltr'>Ecclesiae,</span> <span class='ocrx_word' id='word_1_150' title='bbox 552 2412 607 2494; x_wconf 88' lang='lat' dir='ltr'>qui</span> <span class='ocrx_word' id='word_1_151' title='bbox 622 2411 682 2474; x_wconf 84' lang='lat' dir='ltr'>suit</span> <span class='ocrx_word' id='word_1_152' title='bbox 699 2409 768 2492; x_wconf 91' lang='lat' dir='ltr'>ejus</span> <span class='ocrx_word' id='word_1_153' title='bbox 785 2411 976 2492; x_wconf 83' lang='lat' dir='ltr'>progressio</span> <span class='ocrx_word' id='word_1_154' title='bbox 993 2411 1025 2473; x_wconf 92' lang='lat' dir='ltr'>in</span> <span class='ocrx_word' id='word_1_155' title='bbox 1043 2410 1164 2486; x_wconf 90' lang='lat' dir='ltr'>lucem,</span> <span class='ocrx_word' id='word_1_156' title='bbox 1182 2431 1241 2474; x_wconf 89' lang='lat' dir='ltr'>seu</span> <span class='ocrx_word' id='word_1_157' title='bbox 1257 2411 1338 2476; x_wconf 88' lang='lat' dir='ltr'>dies.</span> 
     </span>
    </p>

    <p class='ocr_par' dir='ltr' id='par_1_3' title="bbox 276 2503 1394 2666">
     <span class='ocr_line' id='line_1_20' title="bbox 338 2503 1394 2590; baseline 0 -20"><span class='ocrx_word' id='word_1_158' title='bbox 338 2521 409 2590; x_wconf 72' lang='lat'>53.</span> <span class='ocrx_word' id='word_1_159' title='bbox 441 2505 504 2568; x_wconf 91' lang='lat' dir='ltr'>His</span> <span class='ocrx_word' id='word_1_160' title='bbox 520 2505 651 2568; x_wconf 91' lang='lat' dir='ltr'>duobus</span> <span class='ocrx_word' id='word_1_161' title='bbox 667 2505 813 2568; x_wconf 89' lang='lat' dir='ltr'>statibus</span> <span class='ocrx_word' id='word_1_162' title='bbox 828 2504 925 2588; x_wconf 90' lang='lat' dir='ltr'>hujus</span> <span class='ocrx_word' id='word_1_163' title='bbox 941 2503 1118 2570; x_wconf 86' lang='lat' dir='ltr'>Ecclesiae</span> <span class='ocrx_word' id='word_1_164' title='bbox 1134 2503 1296 2587; x_wconf 87' lang='lat' dir='ltr'>applicari</span> <span class='ocrx_word' id='word_1_165' title='bbox 1315 2527 1394 2590; x_wconf 91' lang='lat' dir='ltr'>pos·</span> 
     </span>
     <span class='ocr_line' id='line_1_21' title="bbox 276 2599 725 2666; baseline -0.009 -1"><span class='ocrx_word' id='word_1_166' title='bbox 276 2609 355 2666; x_wconf 90' lang='lat' dir='ltr'>sunt</span> <span class='ocrx_word' id='word_1_167' title='bbox 374 2602 457 2664; x_wconf 91' lang='lat' dir='ltr'>haec</span> <span class='ocrx_word' id='word_1_168' title='bbox 478 2601 511 2664; x_wconf 92' lang='lat' dir='ltr'>in</span> <span class='ocrx_word' id='word_1_169' title='bbox 531 2599 667 2664; x_wconf 89' lang='lat' dir='ltr'>Verbo:</span> <span class='ocrx_word' id='word_1_170' title='bbox 723 2645 725 2651; x_wconf 69' lang='lat'>,</span> 
     </span>
    </p>
   </div>
   <div class='ocr_carea' id='block_1_3' title="bbox 324 2733 1440 3126">
    <p class='ocr_par' dir='ltr' id='par_1_4' title="bbox 324 2733 1395 2944">
     <span class='ocr_line' id='line_1_22' title="bbox 324 2733 1395 2802; baseline 0 -17"><span class='ocrx_word' id='word_1_171' title='bbox 324 2733 446 2802; x_wconf 86' lang='lat' dir='ltr'>Jebovab</span> <span class='ocrx_word' id='word_1_172' title='bbox 461 2734 630 2784; x_wconf 83' lang='lat' dir='ltr'>“vivificabit</span> <span class='ocrx_word' id='word_1_173' title='bbox 642 2749 692 2784; x_wconf 89' lang='lat' dir='ltr'>nos</span> <span class='ocrx_word' id='word_1_174' title='bbox 704 2743 766 2798; x_wconf 89' lang='lat' dir='ltr'>post</span> <span class='ocrx_word' id='word_1_175' title='bbox 782 2733 901 2792; x_wconf 90' lang='lat' dir='ltr'>biduum,</span> <span class='ocrx_word' id='word_1_176' title='bbox 916 2735 944 2783; x_wconf 94' lang='lat' dir='ltr'>in</span> <span class='ocrx_word' id='word_1_177' title='bbox 961 2734 1005 2784; x_wconf 86' lang='lat' dir='ltr'>die</span> <span class='ocrx_word' id='word_1_178' title='bbox 1022 2734 1101 2783; x_wconf 80' lang='lat' dir='ltr'>terrio</span> <span class='ocrx_word' id='word_1_179' title='bbox 1113 2735 1197 2797; x_wconf 78' lang='lat' dir='ltr'>eriget</span> <span class='ocrx_word' id='word_1_180' title='bbox 1214 2744 1306 2785; x_wconf 65' lang='lat' dir='ltr'>noent</span> <span class='ocrx_word' id='word_1_181' title='bbox 1323 2735 1395 2786; x_wconf 81' lang='lat' dir='ltr'>viva·</span> 
     </span>
     <span class='ocr_line' id='line_1_23' title="bbox 396 2799 1393 2864; baseline 0.001 -14"><span class='ocrx_word' id='word_1_182' title='bbox 396 2815 466 2850; x_wconf 37' lang='lat' dir='ltr'>lmus</span> <span class='ocrx_word' id='word_1_183' title='bbox 483 2815 573 2850; x_wconf 90' lang='lat' dir='ltr'>coram</span> <span class='ocrx_word' id='word_1_184' title='bbox 593 2799 683 2863; x_wconf 84' lang='lat' dir='ltr'>lps0.”</span> <span class='ocrx_word' id='word_1_185' title='bbox 717 2800 848 2864; x_wconf 85' lang='lat' dir='ltr'>Jehovah,</span> <span class='ocrx_word' id='word_1_186' title='bbox 865 2801 957 2850; x_wconf 84' lang='lat' dir='ltr'>“sicut</span> <span class='ocrx_word' id='word_1_187' title='bbox 969 2799 1075 2849; x_wconf 83' lang='lat' dir='ltr'>Aurora</span> <span class='ocrx_word' id='word_1_188' title='bbox 1087 2811 1195 2862; x_wconf 86' lang='lat' dir='ltr'>paratus</span> <span class='ocrx_word' id='word_1_189' title='bbox 1212 2801 1300 2850; x_wconf 89' lang='lat' dir='ltr'>exitus</span> <span class='ocrx_word' id='word_1_190' title='bbox 1318 2800 1393 2864; x_wconf 86' lang='lat' dir='ltr'>Ejus,</span> 
     </span>
     <span class='ocr_line' id='line_1_24' title="bbox 405 2862 1395 2944; baseline 0 -28"><span class='ocrx_word' id='word_1_191' title='bbox 405 2876 432 2916; x_wconf 87' lang='lat' dir='ltr'>et</span> <span class='ocrx_word' id='word_1_192' title='bbox 444 2868 535 2916; x_wconf 84' lang='lat' dir='ltr'>veniet</span> <span class='ocrx_word' id='word_1_193' title='bbox 542 2867 613 2944; x_wconf 41' lang='lat' dir='ltr'>&#39;sicut</span> <span class='ocrx_word' id='word_1_194' title='bbox 625 2865 716 2928; x_wconf 84' lang='lat' dir='ltr'>pluvia</span> <span class='ocrx_word' id='word_1_195' title='bbox 727 2867 814 2924; x_wconf 90' lang='lat' dir='ltr'>nobis,</span> <span class='ocrx_word' id='word_1_196' title='bbox 826 2865 894 2915; x_wconf 85' lang='lat' dir='ltr'>sicut</span> <span class='ocrx_word' id='word_1_197' title='bbox 910 2865 1001 2930; x_wconf 85' lang='lat' dir='ltr'>pluvia</span> <span class='ocrx_word' id='word_1_198' title='bbox 1012 2865 1131 2914; x_wconf 81' lang='lat' dir='ltr'>serotine</span> <span class='ocrx_word' id='word_1_199' title='bbox 1142 2862 1260 2928; x_wconf 54' lang='lat' dir='ltr'>irrigate]</span> <span class='ocrx_word' id='word_1_200' title='bbox 1274 2875 1372 2916; x_wconf 83' lang='lat' dir='ltr'>terram</span> <span class='ocrx_word' id='word_1_201' title='bbox 1380 2865 1395 2887; x_wconf 90' lang='lat'><strong>”</strong></span> 
     </span>
    </p>

    <p class='ocr_par' dir='ltr' id='par_1_5' title="bbox 326 2930 1440 3126">
     <span class='ocr_line' id='line_1_25' title="bbox 326 2930 1440 3056; baseline 0.002 -8"><span class='ocrx_word' id='word_1_202' title='bbox 326 2930 646 3056; x_wconf 44' lang='grc' dir='ltr'>“·1)ἰιξῑῌῖ)3ἑξιέῗετξεῗί)ε;</span> <span class='ocrx_word' id='word_1_203' title='bbox 661 2997 726 3046; x_wconf 90' lang='lat' dir='ltr'>mihi</span> <span class='ocrx_word' id='word_1_204' title='bbox 744 2997 833 3046; x_wconf 84' lang='lat' dir='ltr'>locuta</span> <span class='ocrx_word' id='word_1_205' title='bbox 849 3005 890 3046; x_wconf 84' lang='lat' dir='ltr'>est</span> <span class='ocrx_word' id='word_1_206' title='bbox 909 2995 989 3046; x_wconf 84' lang='lat' dir='ltr'>Petra</span> <span class='ocrx_word' id='word_1_207' title='bbox 1007 2995 1123 3050; x_wconf 82' lang='lat' dir='ltr'>Israelis.</span> <span class='ocrx_word' id='word_1_208' title='bbox 1261 2996 1310 3054; x_wconf 81' lang='lat' dir='ltr'>lue</span> <span class='ocrx_word' id='word_1_209' title='bbox 1327 2999 1395 3050; x_wconf 79' lang='lat' dir='ltr'>simu</span> <span class='ocrx_word' id='word_1_210' title='bbox 1435 3014 1440 3028; x_wconf 64' lang='lat'>*</span> 
     </span>
     <span class='ocr_line' id='line_1_26' title="bbox 405 3060 1223 3126; baseline -0.001 -12"><span class='ocrx_word' id='word_1_211' title='bbox 405 3063 451 3114; x_wconf 84' lang='lat' dir='ltr'>lux</span> <span class='ocrx_word' id='word_1_212' title='bbox 462 3077 541 3114; x_wconf 85' lang='lat' dir='ltr'>mane</span> <span class='ocrx_word' id='word_1_213' title='bbox 543 3099 627 3121; x_wconf 89' lang='grc'><strong><em>.....</em></strong></span> <span class='ocrx_word' id='word_1_214' title='bbox 639 3077 718 3112; x_wconf 86' lang='lat' dir='ltr'>mane</span> <span class='ocrx_word' id='word_1_215' title='bbox 730 3063 789 3112; x_wconf 87' lang='lat' dir='ltr'>sine</span> <span class='ocrx_word' id='word_1_216' title='bbox 802 3063 916 3114; x_wconf 88' lang='lat' dir='ltr'>nubibus</span> <span class='ocrx_word' id='word_1_217' title='bbox 924 3061 939 3083; x_wconf 87' lang='lat'><strong>”</strong></span> <span class='ocrx_word' id='word_1_218' title='bbox 948 3061 973 3119; x_wconf 85' lang='lat' dir='ltr'>(a</span> <span class='ocrx_word' id='word_1_219' title='bbox 987 3063 1058 3113; x_wconf 82' lang='lat' dir='ltr'>Sam.</span> <span class='ocrx_word' id='word_1_220' title='bbox 1069 3061 1142 3112; x_wconf 81' lang='lat' dir='ltr'>xxiii.</span> <span class='ocrx_word' id='word_1_221' title='bbox 1154 3074 1177 3124; x_wconf 78' lang='lat'>3,</span> <span class='ocrx_word' id='word_1_222' title='bbox 1188 3060 1223 3126; x_wconf 88' lang='grc'>4).</span> 
     </span>
    </p>
   </div>
   <div class='ocr_carea' id='block_1_4' title="bbox 276 3187 591 3272">
    <p class='ocr_par' dir='ltr' id='par_1_6' title="bbox 276 3187 591 3272">
     <span class='ocr_line' id='line_1_27' title="bbox 276 3187 591 3272; baseline -0.006 -20"><span class='ocrx_word' id='word_1_223' title='bbox 276 3187 324 3253; x_wconf 89' lang='lat' dir='ltr'>Et</span> <span class='ocrx_word' id='word_1_224' title='bbox 342 3187 432 3272; x_wconf 91' lang='lat' dir='ltr'>apud</span> <span class='ocrx_word' id='word_1_225' title='bbox 451 3187 591 3252; x_wconf 91' lang='lat' dir='ltr'>Mosen:</span> 
     </span>
    </p>
   </div>
   <div class='ocr_carea' id='block_1_5' title="bbox 327 3319 1394 3648">
    <p class='ocr_par' dir='ltr' id='par_1_7' title="bbox 327 3319 1394 3648">
     <span class='ocr_line' id='line_1_28' title="bbox 327 3319 1394 3384; baseline -0.001 -12"><span class='ocrx_word' id='word_1_226' title='bbox 327 3325 345 3347; x_wconf 81' lang='lat'>¹⁸</span> <span class='ocrx_word' id='word_1_227' title='bbox 355 3321 459 3372; x_wconf 85' lang='lat' dir='ltr'>Defluet</span> <span class='ocrx_word' id='word_1_228' title='bbox 477 3323 544 3372; x_wconf 88' lang='lat' dir='ltr'>sicut</span> <span class='ocrx_word' id='word_1_229' title='bbox 562 3321 653 3384; x_wconf 85' lang='lat' dir='ltr'>pluvia</span> <span class='ocrx_word' id='word_1_230' title='bbox 664 3319 788 3370; x_wconf 74' lang='lat' dir='ltr'>doctrina</span> <span class='ocrx_word' id='word_1_231' title='bbox 800 3330 876 3376; x_wconf 87' lang='lat' dir='ltr'>mea:</span> <span class='ocrx_word' id='word_1_232' title='bbox 900 3321 1016 3370; x_wconf 83' lang='lat' dir='ltr'>stellabit</span> <span class='ocrx_word' id='word_1_233' title='bbox 1028 3321 1096 3371; x_wconf 84' lang='lat' dir='ltr'>sicut</span> <span class='ocrx_word' id='word_1_234' title='bbox 1107 3335 1152 3370; x_wconf 82' lang='lat' dir='ltr'>ros</span> <span class='ocrx_word' id='word_1_235' title='bbox 1165 3322 1275 3371; x_wconf 85' lang='lat' dir='ltr'>verbum</span> <span class='ocrx_word' id='word_1_236' title='bbox 1287 3336 1394 3383; x_wconf 75' lang='lat' dir='ltr'>meum3</span> 
     </span>
     <span class='ocr_line' id='line_1_29' title="bbox 405 3387 1394 3450; baseline 0.001 -14"><span class='ocrx_word' id='word_1_237' title='bbox 405 3389 473 3436; x_wconf 86' lang='lat' dir='ltr'>sicut</span> <span class='ocrx_word' id='word_1_238' title='bbox 485 3388 572 3436; x_wconf 84' lang='lat' dir='ltr'>stillae</span> <span class='ocrx_word' id='word_1_239' title='bbox 584 3401 664 3449; x_wconf 87' lang='lat' dir='ltr'>super</span> <span class='ocrx_word' id='word_1_240' title='bbox 675 3401 795 3449; x_wconf 78' lang='lat' dir='ltr'>gramen,</span> <span class='ocrx_word' id='word_1_241' title='bbox 809 3395 836 3436; x_wconf 91' lang='lat' dir='ltr'>et</span> <span class='ocrx_word' id='word_1_242' title='bbox 848 3387 916 3436; x_wconf 88' lang='lat' dir='ltr'>sicut</span> <span class='ocrx_word' id='word_1_243' title='bbox 932 3395 1024 3449; x_wconf 75' lang='lat' dir='ltr'>guttae</span> <span class='ocrx_word' id='word_1_244' title='bbox 1036 3401 1116 3450; x_wconf 85' lang='lat' dir='ltr'>super</span> <span class='ocrx_word' id='word_1_245' title='bbox 1133 3387 1251 3437; x_wconf 86' lang='lat' dir='ltr'>herbam.</span> <span class='ocrx_word' id='word_1_246' title='bbox 1288 3387 1394 3438; x_wconf 87' lang='lat' dir='ltr'>Nomen</span> 
     </span>
     <span class='ocr_line' id='line_1_30' title="bbox 405 3451 1394 3518; baseline 0.002 -17"><span class='ocrx_word' id='word_1_247' title='bbox 405 3451 524 3518; x_wconf 86' lang='lat' dir='ltr'>Jehovae</span> <span class='ocrx_word' id='word_1_248' title='bbox 534 3453 692 3516; x_wconf 81' lang='lat' dir='ltr'>praedicabo</span> <span class='ocrx_word' id='word_1_249' title='bbox 703 3467 708 3508; x_wconf 87' lang='lat'>;</span> <span class='ocrx_word' id='word_1_250' title='bbox 726 3453 787 3502; x_wconf 87' lang='lat' dir='ltr'>date</span> <span class='ocrx_word' id='word_1_251' title='bbox 795 3453 1007 3514; x_wconf 82' lang='lat' dir='ltr'>magnitudinem</span> <span class='ocrx_word' id='word_1_252' title='bbox 1018 3451 1077 3502; x_wconf 89' lang='lat' dir='ltr'>Deo</span> <span class='ocrx_word' id='word_1_253' title='bbox 1086 3461 1188 3502; x_wconf 84' lang='lat' dir='ltr'>nostro.</span> <span class='ocrx_word' id='word_1_254' title='bbox 1221 3451 1307 3512; x_wconf 83' lang='lat' dir='ltr'>Petra,</span> <span class='ocrx_word' id='word_1_255' title='bbox 1318 3453 1394 3516; x_wconf 87' lang='lat' dir='ltr'>cujus</span> 
     </span>
     <span class='ocr_line' id='line_1_31' title="bbox 405 3515 1394 3582; baseline 0.002 -16"><span class='ocrx_word' id='word_1_256' title='bbox 405 3515 552 3582; x_wconf 71' lang='lat' dir='ltr'>petredium</span> <span class='ocrx_word' id='word_1_257' title='bbox 570 3533 646 3580; x_wconf 90' lang='lat' dir='ltr'>opus,</span> <span class='ocrx_word' id='word_1_258' title='bbox 661 3533 755 3566; x_wconf 90' lang='lat' dir='ltr'>omnes</span> <span class='ocrx_word' id='word_1_259' title='bbox 770 3519 828 3566; x_wconf 87' lang='lat' dir='ltr'>viae</span> <span class='ocrx_word' id='word_1_260' title='bbox 847 3517 912 3580; x_wconf 86' lang='lat' dir='ltr'>Ejus</span> <span class='ocrx_word' id='word_1_261' title='bbox 929 3517 1074 3581; x_wconf 85' lang='lat' dir='ltr'>judicium:</span> <span class='ocrx_word' id='word_1_262' title='bbox 1092 3517 1165 3567; x_wconf 86' lang='lat' dir='ltr'>Deus</span> <span class='ocrx_word' id='word_1_263' title='bbox 1183 3517 1325 3576; x_wconf 81' lang='lat' dir='ltr'>fidelitatis,</span> <span class='ocrx_word' id='word_1_264' title='bbox 1340 3533 1394 3568; x_wconf 91' lang='lat' dir='ltr'>nou</span> 
     </span>
     <span class='ocr_line' id='line_1_32' title="bbox 406 3580 1196 3648; baseline 0.003 -16"><span class='ocrx_word' id='word_1_265' title='bbox 406 3585 575 3648; x_wconf 82' lang='lat' dir='ltr'>perversitas,</span> <span class='ocrx_word' id='word_1_266' title='bbox 590 3583 676 3646; x_wconf 84' lang='lat' dir='ltr'>justus</span> <span class='ocrx_word' id='word_1_267' title='bbox 686 3593 715 3632; x_wconf 85' lang='lat' dir='ltr'>et</span> <span class='ocrx_word' id='word_1_268' title='bbox 727 3580 817 3632; x_wconf 79' lang='lat' dir='ltr'>redlus</span> <span class='ocrx_word' id='word_1_269' title='bbox 830 3581 878 3632; x_wconf 87' lang='lat' dir='ltr'>Ille</span> <span class='ocrx_word' id='word_1_270' title='bbox 887 3582 901 3602; x_wconf 89' lang='lat'><strong>”</strong></span> <span class='ocrx_word' id='word_1_271' title='bbox 913 3581 1017 3644; x_wconf 75' lang='lat' dir='ltr'>(Deutr.</span> <span class='ocrx_word' id='word_1_272' title='bbox 1031 3583 1114 3634; x_wconf 81' lang='lat' dir='ltr'>xxxii.</span> <span class='ocrx_word' id='word_1_273' title='bbox 1129 3583 1196 3645; x_wconf 68' lang='grc' dir='ltr'>Η).</span> 
     </span>
    </p>
   </div>
   <div class='ocr_carea' id='block_1_6' title="bbox 275 3699 1394 3986">
    <p class='ocr_par' dir='ltr' id='par_1_8' title="bbox 275 3699 1394 3986">
     <span class='ocr_line' id='line_1_33' title="bbox 276 3699 1393 3795; baseline -0.001 -17"><span class='ocrx_word' id='word_1_274' title='bbox 276 3713 332 3778; x_wconf 89' lang='lat' dir='ltr'>Ex</span> <span class='ocrx_word' id='word_1_275' title='bbox 348 3713 399 3777; x_wconf 92' lang='lat' dir='ltr'>his</span> <span class='ocrx_word' id='word_1_276' title='bbox 416 3715 519 3776; x_wconf 86' lang='lat' dir='ltr'>etiam</span> <span class='ocrx_word' id='word_1_277' title='bbox 536 3711 753 3777; x_wconf 87' lang='lat' dir='ltr'>confirmatur</span> <span class='ocrx_word' id='word_1_278' title='bbox 768 3699 859 3795; x_wconf 87' lang='lat' dir='ltr'>quod</span> <span class='ocrx_word' id='word_1_279' title='bbox 877 3712 946 3775; x_wconf 91' lang='lat' dir='ltr'>bini</span> <span class='ocrx_word' id='word_1_280' title='bbox 965 3711 1013 3775; x_wconf 94' lang='lat' dir='ltr'>illi</span> <span class='ocrx_word' id='word_1_281' title='bbox 1029 3721 1140 3776; x_wconf 91' lang='lat' dir='ltr'>status</span> <span class='ocrx_word' id='word_1_282' title='bbox 1155 3711 1252 3794; x_wconf 87' lang='lat' dir='ltr'>hujus</span> <span class='ocrx_word' id='word_1_283' title='bbox 1270 3711 1393 3777; x_wconf 91' lang='lat' dir='ltr'>Eccle-</span> 
     </span>
     <span class='ocr_line' id='line_1_34' title="bbox 275 3807 1394 3890; baseline 0.001 -18"><span class='ocrx_word' id='word_1_284' title='bbox 275 3811 345 3873; x_wconf 90' lang='lat' dir='ltr'>siae</span> <span class='ocrx_word' id='word_1_285' title='bbox 367 3808 488 3872; x_wconf 88' lang='lat' dir='ltr'>iuerint</span> <span class='ocrx_word' id='word_1_286' title='bbox 511 3829 531 3872; x_wconf 92' lang='lat' dir='ltr'>a</span> <span class='ocrx_word' id='word_1_287' title='bbox 554 3807 703 3871; x_wconf 92' lang='lat' dir='ltr'>Domino</span> <span class='ocrx_word' id='word_1_288' title='bbox 726 3818 855 3882; x_wconf 88' lang='lat' dir='ltr'>nostro,</span> <span class='ocrx_word' id='word_1_289' title='bbox 876 3808 932 3890; x_wconf 94' lang='lat' dir='ltr'>qui</span> <span class='ocrx_word' id='word_1_290' title='bbox 954 3817 1008 3872; x_wconf 90' lang='lat' dir='ltr'>est</span> <span class='ocrx_word' id='word_1_291' title='bbox 1033 3807 1156 3870; x_wconf 86' lang='lat' dir='ltr'>“Deus</span> <span class='ocrx_word' id='word_1_292' title='bbox 1180 3807 1336 3872; x_wconf 89' lang='lat' dir='ltr'>Israelis”</span> <span class='ocrx_word' id='word_1_293' title='bbox 1358 3819 1394 3873; x_wconf 92' lang='lat' dir='ltr'>et</span> 
     </span>
     <span class='ocr_line' id='line_1_35' title="bbox 277 3901 1328 3986; baseline 0 -20"><span class='ocrx_word' id='word_1_294' title='bbox 277 3904 407 3968; x_wconf 83' lang='lat' dir='ltr'>“Petra</span> <span class='ocrx_word' id='word_1_295' title='bbox 418 3903 443 3982; x_wconf 88' lang='lat'>;”</span> <span class='ocrx_word' id='word_1_296' title='bbox 462 3903 552 3986; x_wconf 91' lang='lat' dir='ltr'>quod</span> <span class='ocrx_word' id='word_1_297' title='bbox 572 3903 616 3966; x_wconf 87' lang='lat' dir='ltr'>sit</span> <span class='ocrx_word' id='word_1_298' title='bbox 637 3903 766 3966; x_wconf 87' lang='lat' dir='ltr'>“Petra</span> <span class='ocrx_word' id='word_1_299' title='bbox 774 3901 789 3926; x_wconf 89' lang='lat'>’&#39;</span> <span class='ocrx_word' id='word_1_300' title='bbox 809 3901 914 3984; x_wconf 89' lang='lat' dir='ltr'>liquet</span> <span class='ocrx_word' id='word_1_301' title='bbox 934 3922 979 3966; x_wconf 87' lang='lat' dir='ltr'>ex</span> <span class='ocrx_word' id='word_1_302' title='bbox 998 3901 1049 3965; x_wconf 91' lang='lat' dir='ltr'>his</span> <span class='ocrx_word' id='word_1_303' title='bbox 1068 3901 1157 3985; x_wconf 92' lang='lat' dir='ltr'>apud</span> <span class='ocrx_word' id='word_1_304' title='bbox 1177 3901 1328 3979; x_wconf 89' lang='lat' dir='ltr'>Paulum,</span> 
     </span>
    </p>
   </div>
   <div class='ocr_carea' id='block_1_7' title="bbox 578 4043 1092 4110">
    <p class='ocr_par' dir='ltr' id='par_1_9' title="bbox 578 4043 1092 4110">
     <span class='ocr_line' id='line_1_36' title="bbox 578 4043 1092 4110; baseline 0.002 -15"><span class='ocrx_word' id='word_1_305' title='bbox 578 4045 683 4096; x_wconf 82' lang='lat' dir='ltr'>“Petra</span> <span class='ocrx_word' id='word_1_306' title='bbox 693 4056 751 4096; x_wconf 85' lang='lat' dir='ltr'>erat</span> <span class='ocrx_word' id='word_1_307' title='bbox 763 4044 908 4096; x_wconf 85' lang='lat' dir='ltr'>Christus”</span> <span class='ocrx_word' id='word_1_308' title='bbox 919 4043 943 4110; x_wconf 79' lang='grc' dir='ltr'>(ι</span> <span class='ocrx_word' id='word_1_309' title='bbox 955 4045 1009 4097; x_wconf 86' lang='lat' dir='ltr'>Cor.</span> <span class='ocrx_word' id='word_1_310' title='bbox 1020 4059 1046 4096; x_wconf 83' lang='lat' dir='ltr'>x.</span> <span class='ocrx_word' id='word_1_311' title='bbox 1057 4044 1092 4108; x_wconf 84' lang='lat'>4).</span> 
     </span>
    </p>
   </div>
   <div class='ocr_carea' id='block_1_8' title="bbox 275 4210 1395 4670">
    <p class='ocr_par' dir='ltr' id='par_1_10' title="bbox 275 4210 1395 4670">
     <span class='ocr_line' id='line_1_37' title="bbox 334 4210 1395 4297; baseline 0.001 -24"><span class='ocrx_word' id='word_1_312' title='bbox 334 4227 409 4297; x_wconf 78' lang='lat'>54.-</span> <span class='ocrx_word' id='word_1_313' title='bbox 435 4211 501 4289; x_wconf 80' lang='lat' dir='ltr'>(ili.)</span> <span class='ocrx_word' id='word_1_314' title='bbox 526 4211 612 4282; x_wconf 73' lang='lat' dir='ltr'>duod</span> <span class='ocrx_word' id='word_1_315' title='bbox 624 4212 734 4276; x_wconf 75' lang='lat' dir='ltr'>terrim</span> <span class='ocrx_word' id='word_1_316' title='bbox 747 4217 850 4278; x_wconf 72' lang='lat' dir='ltr'>eteius</span> <span class='ocrx_word' id='word_1_317' title='bbox 864 4212 953 4294; x_wconf 73' lang='lat' dir='ltr'>lajas</span> <span class='ocrx_word' id='word_1_318' title='bbox 967 4210 1128 4276; x_wconf 73' lang='lat' dir='ltr'>Ecclesiae</span> <span class='ocrx_word' id='word_1_319' title='bbox 1144 4210 1241 4274; x_wconf 71' lang='lat' dir='ltr'>luerit</span> <span class='ocrx_word' id='word_1_320' title='bbox 1253 4211 1395 4274; x_wconf 80' lang='lat' dir='ltr'>lleelr&#39;nu·</span> 
     </span>
     <span class='ocr_line' id='line_1_38' title="bbox 276 4301 1395 4384; baseline 0 -17"><span class='ocrx_word' id='word_1_321' title='bbox 276 4302 318 4367; x_wconf 72' lang='lat' dir='ltr'>lio</span> <span class='ocrx_word' id='word_1_322' title='bbox 339 4323 359 4364; x_wconf 83' lang='lat' dir='ltr'>e</span> <span class='ocrx_word' id='word_1_323' title='bbox 382 4322 453 4366; x_wconf 81' lang='lat' dir='ltr'>mo</span> <span class='ocrx_word' id='word_1_324' title='bbox 471 4303 559 4366; x_wconf 74' lang='lat' dir='ltr'>Cultu</span> <span class='ocrx_word' id='word_1_325' title='bbox 579 4303 846 4384; x_wconf 75' lang='lat' dir='ltr'>repraesentativa</span> <span class='ocrx_word' id='word_1_326' title='bbox 869 4302 900 4364; x_wconf 80' lang='lat' dir='ltr'>in</span> <span class='ocrx_word' id='word_1_327' title='bbox 920 4301 1155 4374; x_wconf 69' lang='lat' dir='ltr'>idololatricam,</span> <span class='ocrx_word' id='word_1_328' title='bbox 1177 4307 1210 4364; x_wconf 80' lang='lat' dir='ltr'>et</span> <span class='ocrx_word' id='word_1_329' title='bbox 1233 4307 1307 4364; x_wconf 82' lang='lat' dir='ltr'>tune</span> <span class='ocrx_word' id='word_1_330' title='bbox 1328 4301 1395 4384; x_wconf 80' lang='lat' dir='ltr'>ejus</span> 
     </span>
     <span class='ocr_line' id='line_1_39' title="bbox 277 4393 1394 4477; baseline 0 -19"><span class='ocrx_word' id='word_1_331' title='bbox 277 4393 483 4460; x_wconf 72' lang='lat' dir='ltr'>Verterioeeu</span> <span class='ocrx_word' id='word_1_332' title='bbox 507 4394 743 4476; x_wconf 63' lang='lat' dir='ltr'>respon-De</span> <span class='ocrx_word' id='word_1_333' title='bbox 766 4396 958 4460; x_wconf 90' lang='lat' dir='ltr'>discrimine</span> <span class='ocrx_word' id='word_1_334' title='bbox 981 4394 1091 4458; x_wconf 94' lang='lat' dir='ltr'>cultus</span> <span class='ocrx_word' id='word_1_335' title='bbox 1114 4395 1394 4477; x_wconf 88' lang='lat' dir='ltr'>repraesentativi</span> 
     </span>
     <span class='ocr_line' id='line_1_40' title="bbox 275 4487 1394 4573; baseline -0.002 -18"><span class='ocrx_word' id='word_1_336' title='bbox 275 4501 311 4556; x_wconf 90' lang='lat' dir='ltr'>et</span> <span class='ocrx_word' id='word_1_337' title='bbox 338 4491 448 4556; x_wconf 87' lang='lat' dir='ltr'>cultus</span> <span class='ocrx_word' id='word_1_338' title='bbox 476 4491 689 4567; x_wconf 90' lang='lat' dir='ltr'>idololatrici,</span> <span class='ocrx_word' id='word_1_339' title='bbox 713 4492 879 4573; x_wconf 90' lang='lat' dir='ltr'>quaedam</span> <span class='ocrx_word' id='word_1_340' title='bbox 907 4489 1138 4554; x_wconf 88' lang='lat' dir='ltr'>memorabilia</span> <span class='ocrx_word' id='word_1_341' title='bbox 1164 4509 1264 4572; x_wconf 81' lang='lat' dir='ltr'>supra</span> <span class='ocrx_word' id='word_1_342' title='bbox 1289 4487 1394 4553; x_wconf 89' lang='lat' dir='ltr'>allata</span> 
     </span>
     <span class='ocr_line' id='line_1_41' title="bbox 276 4581 1393 4670; baseline -0.001 -23"><span class='ocrx_word' id='word_1_343' title='bbox 276 4595 375 4666; x_wconf 90' lang='lat' dir='ltr'>sunt;</span> <span class='ocrx_word' id='word_1_344' title='bbox 399 4607 444 4650; x_wconf 87' lang='lat' dir='ltr'>ex</span> <span class='ocrx_word' id='word_1_345' title='bbox 463 4587 582 4670; x_wconf 91' lang='lat' dir='ltr'>quibus</span> <span class='ocrx_word' id='word_1_346' title='bbox 597 4587 746 4669; x_wconf 92' lang='lat' dir='ltr'>conspici</span> <span class='ocrx_word' id='word_1_347' title='bbox 765 4595 881 4668; x_wconf 88' lang='lat' dir='ltr'>potest</span> <span class='ocrx_word' id='word_1_348' title='bbox 904 4584 995 4667; x_wconf 90' lang='lat' dir='ltr'>quod</span> <span class='ocrx_word' id='word_1_349' title='bbox 1014 4585 1093 4648; x_wconf 92' lang='lat' dir='ltr'>dum</span> <span class='ocrx_word' id='word_1_350' title='bbox 1113 4583 1196 4666; x_wconf 87' lang='lat' dir='ltr'>typi,</span> <span class='ocrx_word' id='word_1_351' title='bbox 1214 4581 1339 4666; x_wconf 83' lang='lat' dir='ltr'>figurae</span> <span class='ocrx_word' id='word_1_352' title='bbox 1358 4592 1393 4658; x_wconf 87' lang='lat' dir='ltr'>et</span> 
     </span>
    </p>
   </div>
   <div class='ocr_carea' id='block_1_9' title="bbox 0 0 1674 5300">
    <p class='ocr_par' dir='ltr' id='par_1_11' title="bbox 0 0 1674 5300">
     <span class='ocr_line' id='line_1_42' title="bbox 0 0 1674 5300; baseline 0 1"><span class='ocrx_word' id='word_1_353' title='bbox 0 0 1674 5300; x_wconf 95' lang='lat' dir='ltr'> </span> 
     </span>
    </p>
   </div>
  </div>
 </body>
</html>
