3338 5300
412 650 593 717 QUATUOR
616 651 756 703 STATUS
778 651 1112 702 MUTATIONES.-N.
1132 640 1161 702 8.
1303 653 1340 702 21

279 819 363 870 “Erit
380 820 449 870 sicut
465 821 545 870 arbor
563 820 685 882 plantata
706 819 783 882 juxta
799 819 873 870 rivos
889 834 1028 884 aquarum,
1047 833 1115 884 quae
1132 817 1248 868 fructum
1266 834 1344 870 suurn

357 887 431 935 dabit
443 887 469 935 in
484 895 604 948 ternpore
617 899 675 944 suo,
686 885 832 950 loliumque
844 885 907 948 ejus·
917 899 971 935 non
983 885 1087 935 decidet
1095 884 1109 904 '³
1119 885 1229 948 (Psolm.
1239 886 1255 934 i.
1268 897 1283 946 3
1294 901 1299 946 ;
1317 895 1344 935 et

358 965 464 1015 quoque
476 954 553 1016 Apoc.
565 952 628 1000 xxii.
641 963 662 1007 1,
675 953 708 1013 ε).

291 1107 404 1172 Aliter
421 1128 502 1172 vero
518 1107 621 1171 homo
641 1117 741 1170 natus
763 1107 795 1169 in
821 1106 986 1184 Ecclesia,
1005 1109 1071 1190 qui,
1089 1108 1168 1172 dum
1188 1111 1343 1173 transivit

227 1219 326 1264 mane
349 1221 445 1264 suum
468 1212 504 1264 et
533 1221 731 1282 progressus
754 1212 807 1264 est
834 1202 868 1264 in
895 1202 1036 1284 primam
1060 1201 1169 1266 lucem
1193 1204 1258 1266 diei
1285 1223 1344 1285 per

226 1315 325 1377 quarn
345 1296 518 1360 rationalis
537 1293 643 1358 sactus
662 1305 725 1370 est,
745 1291 852 1358 tunel]
870 1295 1035 1372 subsistit,
1055 1307 1090 1360 et
1110 1317 1177 1360 non
1200 1295 1342 1362 irudium

226 1389 325 1468 sacit;
358 1391 415 1454 ille
437 1401 490 1454 est
514 1401 571 1454 aut
594 1401 709 1472 potest
728 1409 803 1453 esse
824 1390 910 1453 sicut
928 1391 1027 1454 arbor
1050 1391 1222 1455 luxurians
1244 1392 1342 1468 soliis,

226 1485 286 1546 sed
310 1505 377 1548 non
400 1485 510 1548 serens
528 1483 664 1559 fructus,
683 1505 769 1567 quae
792 1485 836 1547 ab
858 1485 958 1548 horto
977 1487 1195 1568 exstirpatur,
1215 1499 1250 1551 et
1273 1488 1343 1570 ejus

226 1581 308 1642 rami
333 1589 563 1661 amputantur,
587 1590 622 1642 et
646 1589 784 1642 truncus
809 1579 916 1642 securi
938 1589 997 1643 aut
1020 1600 1112 1644 serra
1133 1582 1342 1659 discinditur,

226 1683 261 1736 et
284 1683 365 1737 tunc
384 1683 460 1737 tota
478 1674 628 1755 partitim
648 1672 823 1754 conjicitur
845 1674 878 1736 in
897 1673 1022 1754 ignem.
1067 1673 1175 1756 Hujus
1193 1679 1342 1742 rationa-

226 1767 265 1830 lis
285 1767 344 1831 lux
363 1767 401 1831 lit
420 1769 507 1831 sicut
530 1767 589 1830 lux
609 1769 737 1831 dierum
757 1769 905 1842 brumae,
924 1769 958 1832 in
978 1763 1070 1850 qua¹¹¹
1088 1769 1168 1833 folia
1185 1773 1342 1836 arborum

226 1864 368 1945 primum
389 1862 585 1938 flavescunt,
605 1883 644 1924 ac
668 1873 788 1945 postea
806 1862 977 1937 decidunt,
998 1873 1033 1926 et
1052 1863 1188 1928 demum
1211 1875 1343 1948 putres·

168 1959 171 1965 '
226 1967 317 2020 cunt.
364 1955 471 2037 Hujus
487 1956 652 2020 rationale
671 1959 774 2020 etiam
790 1957 977 2038 comparari
996 1967 1115 2038 potest¹
1131 1979 1207 2022 cum
1224 1962 1343 2026 arbore

226 2051 317 2132 cujus
332 2051 412 2114 lolia
428 2051 535 2132 primo
551 2071 630 2114 vere
646 2061 889 2114 consumuntur
907 2071 928 2114 a
943 2052 1132 2130 vermibus;
1156 2064 1191 2116 et
1210 2075 1343 2138 quoque

226 2165 301 2208 cum
318 2164 427 2207 messe
445 2165 531 2226 quae
549 2143 731 2208 suffocatur
749 2165 769 2208 a
787 2146 911 2227 spinis;
935 2155 1006 2210 tum
1026 2147 1129 2210 etiam
1145 2167 1220 2210 cum
1240 2149 1345 2214 herba

226 2259 312 2322 quae
330 2240 529 2304 devastatur
550 2259 572 2302 a
593 2238 742 2302 locustis.
788 2237 898 2302 Causa
920 2249 974 2302 est
997 2241 1076 2322 quia
1093 2241 1344 2324 rationaleejus

226 2344 279 2396 est
309 2353 401 2396 mere
430 2331 594 2408 naturale,
621 2333 711 2415 quod
740 2333 833 2396 ideas
863 2354 940 2396 suas
971 2335 1067 2398 unice
1097 2355 1156 2416 per
1181 2356 1299 2400 sensus
1325 2359 1344 2402 e

226 2427 353 2490 mundo
371 2427 485 2502 trahit,
504 2437 541 2506 et
566 2447 633 2490 non
657 2447 716 2508 per
731 2423 926 2490 affedtiones
949 2437 984 2490 et
1007 2427 1086 2491 inde
1108 2431 1344 2512 perceptiones

226 2541 245 2584 e
264 2521 380 2598 caelo;
404 2531 438 2585 et
458 2523 535 2604 quia
551 2523 598 2584 sic
618 2524 652 2584 in
671 2521 828 2585 rationali
850 2521 1006 2601 ejusnon
1025 2523 1116 2585 intus
1134 2533 1187 2586 est
1206 2523 1344 2607 aliquod

226 2615 409 2698 spirituale,
433 2617 461 2678 si
488 2627 567 2679 tunc
596 2616 741 2699 loquitur
764 2616 806 2678 de
832 2615 945 2697 aliquo
968 2616 1131 2698 spirituali
1157 2617 1343 2697 Ecclesiae,

226 2711 359 2772 auditur
378 2732 447 2773 vox
471 2709 540 2791 ejus
562 2711 606 2773 ab
629 2709 760 2791 angelis
783 2729 851 2772 non
874 2709 973 2772 aliter
991 2731 1091 2792 quam
1114 2731 1184 2776 vox
1207 2715 1345 2795 psittaci

227 2815 262 2867 et
289 2805 436 2881 anseris;
472 2815 524 2868 est
552 2805 643 2868 enim
669 2824 739 2866 vox
766 2803 835 2884 ejus
859 2823 949 2866 mere
972 2804 1126 2868 animalis
1153 2809 1231 2888 quia
1253 2827 1344 2872 mere

228 2899 399 2972 naturalis,
414 2908 448 2963 et
465 2919 533 2962 non
549 2899 697 2962 humana
709 2899 785 2980 quia
802 2918 868 2961 non
885 2899 975 2961 intus
988 2898 1188 2981 spiritualis;
1212 2901 1344 2983 profluit

227 2993 317 3056 enim
339 3013 360 3056 a
381 2993 454 3056 sola
477 2993 697 3075 respiratione
720 2993 880 3074 corporis,
900 3002 934 3055 et
959 3013 1026 3056 non
1050 3014 1095 3056 ex
1118 2993 1187 3059 ulla
1205 2997 1345 3078 respira·

228 3088 320 3150 tione
336 3087 481 3168 spiritus.
526 3086 620 3150 Talis
638 3097 691 3150 est
711 3085 814 3149 homo
830 3087 885 3168 qui
904 3107 924 3148 a
943 3087 1088 3150 naturali
1104 3108 1172 3151 non
1191 3087 1229 3152 fit
1248 3089 1344 3170 spiri·

227 3179 348 3258 tualis3
381 3191 416 3244 et
447 3199 549 3245 nemo
578 3179 616 3244 fit
647 3178 828 3263 spiritualis
859 3181 931 3255 nisi,
962 3191 1142 3263 postquam
1172 3181 1346 3246 rationalis

228 3273 334 3339 ladius
356 3286 421 3351 est,
444 3275 546 3339 iaciat
569 3271 705 3349 studius,
730 3274 794 3338 hoc
822 3285 875 3338 est
902 3276 1031 3338 imbuat
1058 3275 1259 3340 charitatem
1280 3296 1346 3358 per

228 3373 343 3434 vitam.

290 3465 333 3532 8.
363 3463 465 3546 Quod
491 3465 525 3528 in
548 3463 665 3528 Verbo
692 3464 734 3527 de
762 3463 918 3527 Ecclesia
943 3465 1181 3546 praedicantur
1203 3476 1346 3546 quatuor

228 3570 339 3624 status
358 3559 576 3633 mutationes,
596 3555 709 3640 quaem
728 3568 895 3622 vocantur
912 3563 931 3592 ‘⁸
943 3559 1071 3631 mane,”
1091 3560 1221 3632 “dies'’
1241 3566 1345 3624 “ves-

228 3653 336 3737 pera,”
355 3665 390 3717 et
411 3652 540 3727 “nox,”
559 3663 612 3715 est
631 3655 708 3734 quia
727 3651 882 3715 Ecclesia
900 3654 1056 3716 consistit
1080 3673 1124 3716 ex
1144 3653 1345 3727 hominibus,

228 3761 263 3813 et
287 3750 390 3812 homo
407 3758 461 3811 est
485 3743 640 3810 Ecclesia
662 3748 695 3809 in
719 3746 921 3828 particulari,
940 3767 979 3810 ac
1003 3757 1121 3811 coetus
1143 3767 1188 3810 ex
1211 3747 1262 3810 his
1284 3747 1346 3810 ho-

229 3845 372 3906 minibus
388 3853 441 3906 est
460 3843 515 3924 qui
534 3852 675 3904 vocatur
691 3841 865 3919 Ecclesia;
889 3842 923 3904 in
942 3841 1006 3905 hoc
1025 3851 1127 3906 coetu
1145 3863 1204 3905 seu
1224 3841 1346 3906 Eccle-

229 3939 278 4000 sia
295 3947 374 4000 sunt
393 3937 440 3999 illi
459 3937 513 4019 qui
534 3937 651 3999 vivunt
671 3937 856 4000 secundum
876 3936 1028 3999 ordinem
1048 3957 1147 4018 supra
1168 3935 1214 4018 (n.
1231 3935 1266 4017 7)
1287 3935 1347 3998 de·

229 4033 391 4114 scripturn
408 4032 544 4094 arbores
559 4031 661 4104 vitae,
678 4051 765 4112 quae
781 4032 884 4094 etiam
900 4041 979 4093 sunt
995 4031 1132 4094 arbores
1149 4050 1227 4093 usus
1247 4031 1347 4108 boni;

228 4137 264 4190 et
283 4125 331 4189 illi
349 4127 404 4208 qui
421 4145 489 4188 non
505 4125 622 4188 vivunt
639 4125 823 4188 secundum
839 4124 932 4187 illum
948 4125 1100 4188 ordinem
1117 4133 1195 4186 sunt
1211 4123 1348 4187 arbores

230 4221 392 4284 scientiae
411 4221 491 4282 boni
510 4229 545 4282 et
565 4219 655 4294 mali,
676 4239 761 4301 quae
781 4220 885 4282 etiam
904 4227 983 4282 sunt
1001 4218 1139 4282 arbores
1159 4237 1238 4280 usus
1258 4216 1347 4280 mali.

232 4315 276 4378 Hi
300 4325 379 4378 sunt
402 4315 445 4378 de
467 4315 586 4396 quibus
606 4315 843 4396 praedicantur
863 4312 1057 4396 “vespera’'
1075 4322 1111 4376 et
1132 4311 1261 4388 “nox,”
1276 4333 1346 4387 seu,

229 4409 320 4492 quod
344 4409 443 4482 idem,
462 4411 610 4472 vastatio
633 4419 668 4472 ct
691 4409 958 4486 consummatio;
984 4427 1052 4471 non
1075 4417 1188 4470 autem
1208 4407 1251 4470 de
1273 4405 1347 4470 illis.

230 4502 298 4567 Sed
324 4503 407 4566 haec
435 4503 467 4566 in
490 4503 697 4567 evidentiam
719 4503 841 4566 rationi
864 4503 1027 4567 sistentur
1052 4503 1086 4566 in
1109 4501 1348 4585 sequentibus;

227 4595 321 4679 juvat
338 4597 427 4680 quod
444 4597 476 4660 in
493 4599 674 4680 primordio
686 4597 782 4680 hujus
793 4595 972 4662 voluminis
984 4597 1144 4662 adscititii
1160 4596 1348 4672 tradantur,
