<?xml version="1.0" encoding="UTF-8"?>
<!DOCTYPE html PUBLIC "-//W3C//DTD XHTML 1.0 Transitional//EN"
    "http://www.w3.org/TR/xhtml1/DTD/xhtml1-transitional.dtd">
<html xmlns="http://www.w3.org/1999/xhtml" xml:lang="en" lang="en">
 <head>
  <title>
</title>
<meta http-equiv="Content-Type" content="text/html;charset=utf-8" />
  <meta name='ocr-system' content='tesseract 3.04.00' />
  <meta name='ocr-capabilities' content='ocr_page ocr_carea ocr_par ocr_line ocrx_word'/>
</head>
<body>
  <div class='ocr_page' id='page_1' title='image "./denovahierosoly00swedgoog_0129.png"; bbox 0 0 3288 5294; ppageno 0'>
   <div class='ocr_carea' id='block_1_1' title="bbox 284 681 1082 738">
    <p class='ocr_par' dir='ltr' id='par_1_1' title="bbox 284 681 1082 738">
     <span class='ocr_line' id='line_1_1' title="bbox 284 681 1082 738; baseline -0.001 -3"><span class='ocrx_word' id='word_1_1' title='bbox 284 685 343 735; x_wconf 86' lang='lat'>122</span> <span class='ocrx_word' id='word_1_2' title='bbox 605 685 656 736; x_wconf 85' lang='lat' dir='ltr'>DE</span> <span class='ocrx_word' id='word_1_3' title='bbox 678 683 784 738; x_wconf 80' lang='lat' dir='ltr'><strong>NOVA</strong></span> <span class='ocrx_word' id='word_1_4' title='bbox 807 681 1082 738; x_wconf 76' lang='lat' dir='ltr'>HIEROSOLYMA</span> 
     </span>
    </p>
   </div>
   <div class='ocr_carea' id='block_1_2' title="bbox 788 1073 881 1161">
    <p class='ocr_par' dir='ltr' id='par_1_2' title="bbox 788 1073 881 1161">
     <span class='ocr_line' id='line_1_2' title="bbox 788 1073 881 1161; baseline 0.011 -1"><span class='ocrx_word' id='word_1_5' title='bbox 788 1073 881 1161; x_wconf 81' lang='lat' dir='ltr'>[xu]</span> 
     </span>
    </p>
   </div>
   <div class='ocr_carea' id='block_1_3' title="bbox 645 1317 1032 1394">
    <p class='ocr_par' dir='ltr' id='par_1_3' title="bbox 645 1317 1032 1394">
     <span class='ocr_line' id='line_1_3' title="bbox 645 1317 1032 1394; baseline -0.005 0"><span class='ocrx_word' id='word_1_6' title='bbox 645 1317 720 1394; x_wconf 91' lang='lat' dir='ltr'>DE</span> <span class='ocrx_word' id='word_1_7' title='bbox 753 1317 1032 1394; x_wconf 87' lang='lat' dir='ltr'>BAPTISMO.</span> 
     </span>
    </p>
   </div>
   <div class='ocr_carea' id='block_1_4' title="bbox 277 1699 1396 2456">
    <p class='ocr_par' dir='ltr' id='par_1_4' title="bbox 282 1699 1396 2082">
     <span class='ocr_line' id='line_1_4' title="bbox 282 1699 1395 1988; baseline -0.003 -207"><span class='ocrx_word' id='word_1_8' title='bbox 282 1713 639 1988; x_wconf 78' lang='lat' dir='ltr'>BAPTISMUS</span> <span class='ocrx_word' id='word_1_9' title='bbox 664 1715 841 1780; x_wconf 87' lang='lat' dir='ltr'>institutus</span> <span class='ocrx_word' id='word_1_10' title='bbox 869 1723 924 1780; x_wconf 92' lang='lat' dir='ltr'>est</span> <span class='ocrx_word' id='word_1_11' title='bbox 950 1713 984 1778; x_wconf 94' lang='lat' dir='ltr'>in</span> <span class='ocrx_word' id='word_1_12' title='bbox 1010 1714 1146 1798; x_wconf 88' lang='lat' dir='ltr'>signum</span> <span class='ocrx_word' id='word_1_13' title='bbox 1173 1699 1264 1798; x_wconf 87' lang='lat' dir='ltr'>quod</span> <span class='ocrx_word' id='word_1_14' title='bbox 1290 1711 1395 1779; x_wconf 89' lang='lat' dir='ltr'>homo</span> 
     </span>
     <span class='ocr_line' id='line_1_5' title="bbox 426 1807 1395 1892; baseline -0.002 -19"><span class='ocrx_word' id='word_1_15' title='bbox 426 1811 471 1874; x_wconf 89' lang='lat' dir='ltr'>sit</span> <span class='ocrx_word' id='word_1_16' title='bbox 487 1810 531 1874; x_wconf 91' lang='lat' dir='ltr'>ab</span> <span class='ocrx_word' id='word_1_17' title='bbox 545 1810 701 1886; x_wconf 85' lang='lat' dir='ltr'>ecclesia,</span> <span class='ocrx_word' id='word_1_18' title='bbox 719 1819 754 1874; x_wconf 93' lang='lat' dir='ltr'>et</span> <span class='ocrx_word' id='word_1_19' title='bbox 773 1810 807 1873; x_wconf 89' lang='lat' dir='ltr'>in</span> <span class='ocrx_word' id='word_1_20' title='bbox 823 1807 1020 1874; x_wconf 87' lang='lat' dir='ltr'>memoriale</span> <span class='ocrx_word' id='word_1_21' title='bbox 1035 1809 1127 1892; x_wconf 92' lang='lat' dir='ltr'>quod</span> <span class='ocrx_word' id='word_1_22' title='bbox 1142 1807 1395 1892; x_wconf 83' lang='lat' dir='ltr'>regenerandus</span> 
     </span>
     <span class='ocr_line' id='line_1_6' title="bbox 426 1902 1396 1987; baseline -0.002 -18"><span class='ocrx_word' id='word_1_23' title='bbox 426 1906 491 1970; x_wconf 90' lang='lat' dir='ltr'>sit:</span> <span class='ocrx_word' id='word_1_24' title='bbox 523 1905 652 1969; x_wconf 90' lang='lat' dir='ltr'>lavatio</span> <span class='ocrx_word' id='word_1_25' title='bbox 678 1905 768 1968; x_wconf 88' lang='lat' dir='ltr'>enirn</span> <span class='ocrx_word' id='word_1_26' title='bbox 799 1903 965 1986; x_wconf 89' lang='lat' dir='ltr'>Baptismi</span> <span class='ocrx_word' id='word_1_27' title='bbox 994 1923 1063 1968; x_wconf 93' lang='lat' dir='ltr'>non</span> <span class='ocrx_word' id='word_1_28' title='bbox 1092 1902 1184 1967; x_wconf 88' lang='lat' dir='ltr'>aliud</span> <span class='ocrx_word' id='word_1_29' title='bbox 1213 1913 1267 1968; x_wconf 91' lang='lat' dir='ltr'>est</span> <span class='ocrx_word' id='word_1_30' title='bbox 1293 1921 1396 1987; x_wconf 84' lang='lat' dir='ltr'>quarn</span> 
     </span>
     <span class='ocr_line' id='line_1_7' title="bbox 425 1997 1195 2082; baseline -0.004 -19"><span class='ocrx_word' id='word_1_31' title='bbox 425 1999 554 2064; x_wconf 91' lang='lat' dir='ltr'>lavatio</span> <span class='ocrx_word' id='word_1_32' title='bbox 573 1997 768 2082; x_wconf 89' lang='lat' dir='ltr'>spiritualis,</span> <span class='ocrx_word' id='word_1_33' title='bbox 788 2018 874 2082; x_wconf 89' lang='lat' dir='ltr'>quae</span> <span class='ocrx_word' id='word_1_34' title='bbox 897 2007 950 2062; x_wconf 89' lang='lat' dir='ltr'>est</span> <span class='ocrx_word' id='word_1_35' title='bbox 969 1997 1195 2080; x_wconf 85' lang='lat' dir='ltr'>regeneratio.</span> 
     </span>
    </p>

    <p class='ocr_par' dir='ltr' id='par_1_5' title="bbox 277 2087 1396 2456">
     <span class='ocr_line' id='line_1_8' title="bbox 336 2087 1394 2175; baseline -0.007 -16"><span class='ocrx_word' id='word_1_36' title='bbox 336 2106 437 2175; x_wconf 75' lang='lat'>2⁰3.</span> <span class='ocrx_word' id='word_1_37' title='bbox 464 2090 586 2155; x_wconf 91' lang='lat' dir='ltr'>Omnis</span> <span class='ocrx_word' id='word_1_38' title='bbox 607 2091 825 2172; x_wconf 85' lang='lat' dir='ltr'>regeneratio</span> <span class='ocrx_word' id='word_1_39' title='bbox 846 2088 885 2153; x_wconf 89' lang='lat' dir='ltr'>fit</span> <span class='ocrx_word' id='word_1_40' title='bbox 906 2109 927 2152; x_wconf 89' lang='lat' dir='ltr'>a</span> <span class='ocrx_word' id='word_1_41' title='bbox 948 2088 1100 2152; x_wconf 92' lang='lat' dir='ltr'>Domino</span> <span class='ocrx_word' id='word_1_42' title='bbox 1122 2109 1182 2172; x_wconf 89' lang='lat' dir='ltr'>per</span> <span class='ocrx_word' id='word_1_43' title='bbox 1203 2109 1285 2153; x_wconf 92' lang='lat' dir='ltr'>vera</span> <span class='ocrx_word' id='word_1_44' title='bbox 1305 2087 1394 2164; x_wconf 86' lang='lat' dir='ltr'>fidei,</span> 
     </span>
     <span class='ocr_line' id='line_1_9' title="bbox 278 2180 1396 2269; baseline -0.005 -19"><span class='ocrx_word' id='word_1_45' title='bbox 278 2195 315 2250; x_wconf 92' lang='lat' dir='ltr'>et</span> <span class='ocrx_word' id='word_1_46' title='bbox 331 2185 513 2269; x_wconf 85' lang='lat' dir='ltr'>pervitam</span> <span class='ocrx_word' id='word_1_47' title='bbox 529 2183 715 2248; x_wconf 90' lang='lat' dir='ltr'>secundum</span> <span class='ocrx_word' id='word_1_48' title='bbox 731 2181 809 2246; x_wconf 89' lang='lat' dir='ltr'>illa:</span> <span class='ocrx_word' id='word_1_49' title='bbox 833 2181 912 2245; x_wconf 92' lang='lat' dir='ltr'>ideo</span> <span class='ocrx_word' id='word_1_50' title='bbox 928 2180 1125 2264; x_wconf 85' lang='lat' dir='ltr'>Baptismus</span> <span class='ocrx_word' id='word_1_51' title='bbox 1140 2190 1289 2245; x_wconf 90' lang='lat' dir='ltr'>testatur</span> <span class='ocrx_word' id='word_1_52' title='bbox 1304 2180 1396 2264; x_wconf 92' lang='lat' dir='ltr'>quod</span> 
     </span>
     <span class='ocr_line' id='line_1_10' title="bbox 277 2275 1395 2359; baseline -0.005 -15"><span class='ocrx_word' id='word_1_53' title='bbox 277 2279 383 2344; x_wconf 92' lang='lat' dir='ltr'>homo</span> <span class='ocrx_word' id='word_1_54' title='bbox 405 2279 450 2342; x_wconf 89' lang='lat' dir='ltr'>sit</span> <span class='ocrx_word' id='word_1_55' title='bbox 473 2279 517 2342; x_wconf 91' lang='lat' dir='ltr'>ab</span> <span class='ocrx_word' id='word_1_56' title='bbox 539 2276 695 2352; x_wconf 88' lang='lat' dir='ltr'>ecclesia,</span> <span class='ocrx_word' id='word_1_57' title='bbox 715 2286 752 2340; x_wconf 91' lang='lat' dir='ltr'>et</span> <span class='ocrx_word' id='word_1_58' title='bbox 774 2276 865 2359; x_wconf 90' lang='lat' dir='ltr'>quod</span> <span class='ocrx_word' id='word_1_59' title='bbox 887 2276 1081 2358; x_wconf 88' lang='lat' dir='ltr'>regenerari</span> <span class='ocrx_word' id='word_1_60' title='bbox 1103 2275 1232 2358; x_wconf 90' lang='lat' dir='ltr'>possit;</span> <span class='ocrx_word' id='word_1_61' title='bbox 1260 2293 1339 2338; x_wconf 89' lang='lat' dir='ltr'>narn</span> <span class='ocrx_word' id='word_1_62' title='bbox 1361 2275 1395 2338; x_wconf 92' lang='lat' dir='ltr'>in</span> 
     </span>
     <span class='ocr_line' id='line_1_11' title="bbox 278 2368 1396 2456; baseline -0.004 -19"><span class='ocrx_word' id='word_1_63' title='bbox 278 2372 423 2440; x_wconf 91' lang='lat' dir='ltr'>ecclesia</span> <span class='ocrx_word' id='word_1_64' title='bbox 438 2372 635 2456; x_wconf 88' lang='lat' dir='ltr'>agnoscitur</span> <span class='ocrx_word' id='word_1_65' title='bbox 651 2369 818 2434; x_wconf 90' lang='lat' dir='ltr'>Dominus</span> <span class='ocrx_word' id='word_1_66' title='bbox 834 2369 889 2454; x_wconf 91' lang='lat' dir='ltr'>qui</span> <span class='ocrx_word' id='word_1_67' title='bbox 908 2379 1099 2452; x_wconf 87' lang='lat' dir='ltr'>regenerat,</span> <span class='ocrx_word' id='word_1_68' title='bbox 1117 2379 1153 2434; x_wconf 91' lang='lat' dir='ltr'>et</span> <span class='ocrx_word' id='word_1_69' title='bbox 1172 2369 1218 2434; x_wconf 90' lang='lat' dir='ltr'>ibi</span> <span class='ocrx_word' id='word_1_70' title='bbox 1236 2379 1291 2435; x_wconf 89' lang='lat' dir='ltr'>est</span> <span class='ocrx_word' id='word_1_71' title='bbox 1307 2368 1396 2434; x_wconf 89' lang='lat' dir='ltr'>Ver·</span> 
     </span>
    </p>
   </div>
   <div class='ocr_carea' id='block_1_5' title="bbox 277 2463 1187 2644">
    <p class='ocr_par' dir='ltr' id='par_1_6' title="bbox 277 2463 1187 2644">
     <span class='ocr_line' id='line_1_12' title="bbox 277 2463 1078 2547; baseline -0.009 -15"><span class='ocrx_word' id='word_1_72' title='bbox 277 2469 369 2544; x_wconf 89' lang='lat' dir='ltr'>burn,</span> <span class='ocrx_word' id='word_1_73' title='bbox 389 2466 445 2530; x_wconf 91' lang='lat' dir='ltr'>ubi</span> <span class='ocrx_word' id='word_1_74' title='bbox 463 2485 544 2530; x_wconf 90' lang='lat' dir='ltr'>vera</span> <span class='ocrx_word' id='word_1_75' title='bbox 562 2463 650 2541; x_wconf 87' lang='lat' dir='ltr'>fidei,</span> <span class='ocrx_word' id='word_1_76' title='bbox 670 2483 730 2547; x_wconf 90' lang='lat' dir='ltr'>per</span> <span class='ocrx_word' id='word_1_77' title='bbox 747 2483 834 2546; x_wconf 90' lang='lat' dir='ltr'>quae</span> <span class='ocrx_word' id='word_1_78' title='bbox 852 2464 1078 2547; x_wconf 88' lang='lat' dir='ltr'>regeneratio.</span> 
     </span>
     <span class='ocr_line' id='line_1_13' title="bbox 337 2554 1187 2644; baseline -0.005 -20"><span class='ocrx_word' id='word_1_79' title='bbox 337 2573 439 2644; x_wconf 86' lang='grc'><strong>004.</strong></span> <span class='ocrx_word' id='word_1_80' title='bbox 468 2556 546 2621; x_wconf 92' lang='lat' dir='ltr'>Hoc</span> <span class='ocrx_word' id='word_1_81' title='bbox 565 2557 669 2620; x_wconf 92' lang='lat' dir='ltr'>docet</span> <span class='ocrx_word' id='word_1_82' title='bbox 688 2555 858 2620; x_wconf 91' lang='lat' dir='ltr'>Dominus</span> <span class='ocrx_word' id='word_1_83' title='bbox 875 2555 966 2638; x_wconf 91' lang='lat' dir='ltr'>apud</span> <span class='ocrx_word' id='word_1_84' title='bbox 983 2554 1187 2632; x_wconf 66' lang='lat' dir='ltr'>Johannem</span> 
     </span>
    </p>
   </div>
   <div class='ocr_carea' id='block_1_6' title="bbox 328 2685 1396 2816">
    <p class='ocr_par' dir='ltr' id='par_1_7' title="bbox 328 2685 1396 2816">
     <span class='ocr_line' id='line_1_14' title="bbox 328 2685 1396 2816; baseline -0.004 -74"><span class='ocrx_word' id='word_1_85' title='bbox 328 2689 408 2742; x_wconf 85' lang='lat' dir='ltr'>“Nisi</span> <span class='ocrx_word' id='word_1_86' title='bbox 420 2689 479 2754; x_wconf 86' lang='lat' dir='ltr'>quis</span> <span class='ocrx_word' id='word_1_87' title='bbox 488 2686 720 2816; x_wconf 49' lang='grc' dir='ltr'>ῗηςξῗῳὲςιετίῑ</span> <span class='ocrx_word' id='word_1_88' title='bbox 731 2701 765 2738; x_wconf 84' lang='lat' dir='ltr'>ex</span> <span class='ocrx_word' id='word_1_89' title='bbox 776 2701 846 2752; x_wconf 80' lang='lat' dir='ltr'>aqua</span> <span class='ocrx_word' id='word_1_90' title='bbox 857 2696 884 2737; x_wconf 90' lang='lat' dir='ltr'>et</span> <span class='ocrx_word' id='word_1_91' title='bbox 895 2687 999 2752; x_wconf 79' lang='lat' dir='ltr'>spiritu,</span> <span class='ocrx_word' id='word_1_92' title='bbox 1008 2701 1064 2736; x_wconf 88' lang='lat' dir='ltr'>oon</span> <span class='ocrx_word' id='word_1_93' title='bbox 1079 2695 1168 2752; x_wconf 76' lang='lat' dir='ltr'>potest</span> <span class='ocrx_word' id='word_1_94' title='bbox 1179 2685 1284 2751; x_wconf 81' lang='lat' dir='ltr'>ingredi</span> <span class='ocrx_word' id='word_1_95' title='bbox 1298 2687 1326 2738; x_wconf 87' lang='lat' dir='ltr'>io</span> <span class='ocrx_word' id='word_1_96' title='bbox 1338 2701 1396 2752; x_wconf 75' lang='lat' dir='ltr'>reg·</span> 
     </span>
     <span class='ocr_line' id='line_1_15' title="bbox 409 2767 675 2813; baseline -0.011 -9"><span class='ocrx_word' id='word_1_97' title='bbox 409 2769 474 2804; x_wconf 87' lang='lat' dir='ltr'>num</span> <span class='ocrx_word' id='word_1_98' title='bbox 515 2769 540 2804; x_wconf 86' lang='lat' dir='ltr'>er</span> <span class='ocrx_word' id='word_1_99' title='bbox 586 2769 622 2804; x_wconf 87' lang='lat' dir='ltr'>nr.</span> <span class='ocrx_word' id='word_1_100' title='bbox 668 2767 675 2813; x_wconf 88' lang='grc'><strong>;</strong></span> 
     </span>
    </p>
   </div>
   <div class='ocr_carea' id='block_1_7' title="bbox 281 2881 1395 2971">
    <p class='ocr_par' dir='ltr' id='par_1_8' title="bbox 281 2881 1395 2971">
     <span class='ocr_line' id='line_1_16' title="bbox 281 2881 1395 2971; baseline -0.002 -21"><span class='ocrx_word' id='word_1_101' title='bbox 281 2885 421 2971; x_wconf 89' lang='lat' dir='ltr'>“aqua’&#39;</span> <span class='ocrx_word' id='word_1_102' title='bbox 433 2887 466 2950; x_wconf 93' lang='lat' dir='ltr'>in</span> <span class='ocrx_word' id='word_1_103' title='bbox 480 2883 645 2969; x_wconf 88' lang='lat' dir='ltr'>spirituali</span> <span class='ocrx_word' id='word_1_104' title='bbox 661 2903 761 2948; x_wconf 89' lang='lat' dir='ltr'>sensu</span> <span class='ocrx_word' id='word_1_105' title='bbox 774 2892 828 2948; x_wconf 88' lang='lat' dir='ltr'>est</span> <span class='ocrx_word' id='word_1_106' title='bbox 840 2902 957 2949; x_wconf 87' lang='lat' dir='ltr'>verum</span> <span class='ocrx_word' id='word_1_107' title='bbox 972 2881 1050 2948; x_wconf 87' lang='lat' dir='ltr'>fidei</span> <span class='ocrx_word' id='word_1_108' title='bbox 1066 2904 1111 2948; x_wconf 87' lang='lat' dir='ltr'>ex</span> <span class='ocrx_word' id='word_1_109' title='bbox 1124 2882 1252 2961; x_wconf 86' lang='lat' dir='ltr'>Verbo,</span> <span class='ocrx_word' id='word_1_110' title='bbox 1268 2888 1288 2918; x_wconf 80' lang='lat'>‘⁶</span> <span class='ocrx_word' id='word_1_111' title='bbox 1298 2883 1395 2968; x_wconf 91' lang='lat' dir='ltr'>spiri·</span> 
     </span>
    </p>
   </div>
   <div class='ocr_carea' id='block_1_8' title="bbox 278 2977 1489 3062">
    <p class='ocr_par' dir='ltr' id='par_1_9' title="bbox 278 2977 1489 3062">
     <span class='ocr_line' id='line_1_17' title="bbox 278 2977 1489 3062; baseline -0.003 -17"><span class='ocrx_word' id='word_1_112' title='bbox 278 2980 358 3045; x_wconf 89' lang='lat' dir='ltr'>tus’&#39;</span> <span class='ocrx_word' id='word_1_113' title='bbox 380 2989 435 3044; x_wconf 90' lang='lat' dir='ltr'>est</span> <span class='ocrx_word' id='word_1_114' title='bbox 457 2981 529 3044; x_wconf 90' lang='lat' dir='ltr'>vita</span> <span class='ocrx_word' id='word_1_115' title='bbox 554 2979 741 3043; x_wconf 89' lang='lat' dir='ltr'>secundum</span> <span class='ocrx_word' id='word_1_116' title='bbox 765 2977 860 3055; x_wconf 90' lang='lat' dir='ltr'>illud,</span> <span class='ocrx_word' id='word_1_117' title='bbox 884 2988 920 3044; x_wconf 90' lang='lat' dir='ltr'>et</span> <span class='ocrx_word' id='word_1_118' title='bbox 946 2977 1154 3062; x_wconf 82' lang='lat' dir='ltr'>“generari’&#39;</span> <span class='ocrx_word' id='word_1_119' title='bbox 1175 2988 1229 3043; x_wconf 88' lang='lat' dir='ltr'>est</span> <span class='ocrx_word' id='word_1_120' title='bbox 1256 2999 1303 3044; x_wconf 89' lang='lat' dir='ltr'>ex</span> <span class='ocrx_word' id='word_1_121' title='bbox 1328 2977 1395 3042; x_wconf 86' lang='lat' dir='ltr'>illis</span> <span class='ocrx_word' id='word_1_122' title='bbox 1485 3009 1489 3020; x_wconf 95' lang='lat'>·</span> 
     </span>
    </p>
   </div>
   <div class='ocr_carea' id='block_1_9' title="bbox 277 3094 1396 4184">
    <p class='ocr_par' dir='ltr' id='par_1_10' title="bbox 280 3094 483 3159">
     <span class='ocr_line' id='line_1_18' title="bbox 280 3094 483 3159; baseline -0.015 -19"><span class='ocrx_word' id='word_1_123' title='bbox 280 3094 483 3159; x_wconf 79' lang='lat' dir='ltr'>regenerari.</span> 
     </span>
    </p>

    <p class='ocr_par' dir='ltr' id='par_1_11' title="bbox 278 3168 1394 3441">
     <span class='ocr_line' id='line_1_19' title="bbox 337 3168 1394 3254; baseline -0.001 -18"><span class='ocrx_word' id='word_1_124' title='bbox 337 3185 438 3254; x_wconf 73' lang='grc'><strong>005.</strong></span> <span class='ocrx_word' id='word_1_125' title='bbox 466 3169 555 3252; x_wconf 86' lang='lat' dir='ltr'>Quia</span> <span class='ocrx_word' id='word_1_126' title='bbox 576 3169 687 3233; x_wconf 91' lang='lat' dir='ltr'>omnis</span> <span class='ocrx_word' id='word_1_127' title='bbox 708 3168 765 3252; x_wconf 90' lang='lat' dir='ltr'>qui</span> <span class='ocrx_word' id='word_1_128' title='bbox 789 3178 1015 3252; x_wconf 89' lang='lat' dir='ltr'>regeneratur</span> <span class='ocrx_word' id='word_1_129' title='bbox 1036 3171 1142 3234; x_wconf 86' lang='lat' dir='ltr'>etiarn</span> <span class='ocrx_word' id='word_1_130' title='bbox 1164 3168 1257 3234; x_wconf 87' lang='lat' dir='ltr'>subit</span> <span class='ocrx_word' id='word_1_131' title='bbox 1278 3179 1394 3235; x_wconf 90' lang='lat' dir='ltr'>tenta·</span> 
     </span>
     <span class='ocr_line' id='line_1_20' title="bbox 278 3260 1393 3345; baseline -0.001 -17"><span class='ocrx_word' id='word_1_132' title='bbox 278 3263 402 3337; x_wconf 88' lang='lat' dir='ltr'>tiones,</span> <span class='ocrx_word' id='word_1_133' title='bbox 422 3281 508 3345; x_wconf 90' lang='lat' dir='ltr'>quae</span> <span class='ocrx_word' id='word_1_134' title='bbox 527 3272 606 3325; x_wconf 89' lang='lat' dir='ltr'>sunt</span> <span class='ocrx_word' id='word_1_135' title='bbox 623 3279 757 3344; x_wconf 88' lang='lat' dir='ltr'>pugnae</span> <span class='ocrx_word' id='word_1_136' title='bbox 775 3260 968 3344; x_wconf 87' lang='lat' dir='ltr'>spirituales</span> <span class='ocrx_word' id='word_1_137' title='bbox 987 3271 1108 3327; x_wconf 88' lang='lat' dir='ltr'>contra</span> <span class='ocrx_word' id='word_1_138' title='bbox 1127 3263 1218 3327; x_wconf 86' lang='lat' dir='ltr'>mala</span> <span class='ocrx_word' id='word_1_139' title='bbox 1240 3274 1276 3328; x_wconf 90' lang='lat' dir='ltr'>et</span> <span class='ocrx_word' id='word_1_140' title='bbox 1297 3262 1393 3338; x_wconf 87' lang='lat' dir='ltr'>salsa,</span> 
     </span>
     <span class='ocr_line' id='line_1_21' title="bbox 278 3355 1226 3441; baseline -0.001 -18"><span class='ocrx_word' id='word_1_141' title='bbox 278 3359 357 3423; x_wconf 92' lang='lat' dir='ltr'>ideo</span> <span class='ocrx_word' id='word_1_142' title='bbox 375 3378 435 3441; x_wconf 92' lang='lat' dir='ltr'>per</span> <span class='ocrx_word' id='word_1_143' title='bbox 453 3377 558 3440; x_wconf 90' lang='lat' dir='ltr'>aquas</span> <span class='ocrx_word' id='word_1_144' title='bbox 577 3355 743 3439; x_wconf 91' lang='lat' dir='ltr'>Baptismi</span> <span class='ocrx_word' id='word_1_145' title='bbox 762 3357 866 3420; x_wconf 89' lang='lat' dir='ltr'>etiarn</span> <span class='ocrx_word' id='word_1_146' title='bbox 885 3355 964 3421; x_wconf 89' lang='lat' dir='ltr'>illae</span> <span class='ocrx_word' id='word_1_147' title='bbox 982 3356 1226 3439; x_wconf 88' lang='lat' dir='ltr'>significantur.</span> 
     </span>
    </p>

    <p class='ocr_par' dir='ltr' id='par_1_12' title="bbox 277 3452 1396 3725">
     <span class='ocr_line' id='line_1_22' title="bbox 337 3452 1396 3537; baseline -0.002 -15"><span class='ocrx_word' id='word_1_148' title='bbox 337 3455 441 3522; x_wconf 82' lang='grc'><strong>006.</strong></span> <span class='ocrx_word' id='word_1_149' title='bbox 469 3453 559 3536; x_wconf 87' lang='lat' dir='ltr'>Quia</span> <span class='ocrx_word' id='word_1_150' title='bbox 577 3452 775 3537; x_wconf 90' lang='lat' dir='ltr'>Baptismus</span> <span class='ocrx_word' id='word_1_151' title='bbox 794 3460 849 3516; x_wconf 90' lang='lat' dir='ltr'>est</span> <span class='ocrx_word' id='word_1_152' title='bbox 870 3453 904 3515; x_wconf 90' lang='lat' dir='ltr'>in</span> <span class='ocrx_word' id='word_1_153' title='bbox 927 3453 1062 3534; x_wconf 90' lang='lat' dir='ltr'>signum</span> <span class='ocrx_word' id='word_1_154' title='bbox 1081 3464 1117 3518; x_wconf 89' lang='lat' dir='ltr'>et</span> <span class='ocrx_word' id='word_1_155' title='bbox 1138 3455 1173 3520; x_wconf 92' lang='lat' dir='ltr'>in</span> <span class='ocrx_word' id='word_1_156' title='bbox 1195 3455 1396 3520; x_wconf 86' lang='lat' dir='ltr'>memoriale</span> 
     </span>
     <span class='ocr_line' id='line_1_23' title="bbox 277 3545 1394 3627; baseline 0.001 -16"><span class='ocrx_word' id='word_1_157' title='bbox 277 3545 424 3623; x_wconf 86' lang='lat' dir='ltr'>illorum,</span> <span class='ocrx_word' id='word_1_158' title='bbox 437 3546 516 3610; x_wconf 93' lang='lat' dir='ltr'>ideo</span> <span class='ocrx_word' id='word_1_159' title='bbox 531 3545 637 3610; x_wconf 91' lang='lat' dir='ltr'>homo</span> <span class='ocrx_word' id='word_1_160' title='bbox 652 3545 817 3627; x_wconf 89' lang='lat' dir='ltr'>baptizari</span> <span class='ocrx_word' id='word_1_161' title='bbox 833 3553 951 3627; x_wconf 85' lang='lat' dir='ltr'>potest</span> <span class='ocrx_word' id='word_1_162' title='bbox 966 3545 1096 3627; x_wconf 87' lang='lat' dir='ltr'>infans;</span> <span class='ocrx_word' id='word_1_163' title='bbox 1120 3557 1156 3612; x_wconf 89' lang='lat' dir='ltr'>et</span> <span class='ocrx_word' id='word_1_164' title='bbox 1172 3549 1199 3612; x_wconf 89' lang='lat' dir='ltr'>si</span> <span class='ocrx_word' id='word_1_165' title='bbox 1216 3568 1284 3612; x_wconf 94' lang='lat' dir='ltr'>non</span> <span class='ocrx_word' id='word_1_166' title='bbox 1300 3558 1394 3625; x_wconf 87' lang='lat' dir='ltr'>tunc,</span> 
     </span>
     <span class='ocr_line' id='line_1_24' title="bbox 278 3641 562 3725; baseline -0.007 -19"><span class='ocrx_word' id='word_1_167' title='bbox 278 3651 397 3725; x_wconf 92' lang='lat' dir='ltr'>potest</span> <span class='ocrx_word' id='word_1_168' title='bbox 415 3641 562 3705; x_wconf 86' lang='lat' dir='ltr'>adultus.</span> 
     </span>
    </p>

    <p class='ocr_par' dir='ltr' id='par_1_13' title="bbox 278 3730 1396 4001">
     <span class='ocr_line' id='line_1_25' title="bbox 337 3730 1395 3818; baseline 0 -20"><span class='ocrx_word' id='word_1_169' title='bbox 337 3745 434 3815; x_wconf 76' lang='grc'><strong>007.</strong></span> <span class='ocrx_word' id='word_1_170' title='bbox 462 3731 581 3797; x_wconf 89' lang='lat' dir='ltr'>Sciant</span> <span class='ocrx_word' id='word_1_171' title='bbox 601 3731 718 3814; x_wconf 86' lang='lat' dir='ltr'>itaque</span> <span class='ocrx_word' id='word_1_172' title='bbox 733 3731 789 3814; x_wconf 91' lang='lat' dir='ltr'>qui</span> <span class='ocrx_word' id='word_1_173' title='bbox 807 3730 974 3814; x_wconf 87' lang='lat' dir='ltr'>baptizati</span> <span class='ocrx_word' id='word_1_174' title='bbox 992 3739 1084 3808; x_wconf 85' lang='lat' dir='ltr'>sunt,</span> <span class='ocrx_word' id='word_1_175' title='bbox 1100 3733 1192 3816; x_wconf 90' lang='lat' dir='ltr'>quod</span> <span class='ocrx_word' id='word_1_176' title='bbox 1214 3735 1286 3816; x_wconf 90' lang='lat' dir='ltr'>ipse</span> <span class='ocrx_word' id='word_1_177' title='bbox 1304 3733 1395 3818; x_wconf 91' lang='lat' dir='ltr'>Bap-</span> 
     </span>
     <span class='ocr_line' id='line_1_26' title="bbox 278 3821 1396 3911; baseline 0.001 -22"><span class='ocrx_word' id='word_1_178' title='bbox 278 3825 399 3890; x_wconf 87' lang='lat' dir='ltr'>tismus</span> <span class='ocrx_word' id='word_1_179' title='bbox 415 3843 484 3888; x_wconf 92' lang='lat' dir='ltr'>non</span> <span class='ocrx_word' id='word_1_180' title='bbox 498 3824 558 3888; x_wconf 90' lang='lat' dir='ltr'>det</span> <span class='ocrx_word' id='word_1_181' title='bbox 571 3823 684 3900; x_wconf 85' lang='lat' dir='ltr'>fidem,</span> <span class='ocrx_word' id='word_1_182' title='bbox 698 3842 761 3887; x_wconf 91' lang='lat' dir='ltr'>nec</span> <span class='ocrx_word' id='word_1_183' title='bbox 777 3821 945 3903; x_wconf 86' lang='lat' dir='ltr'>salutem;</span> <span class='ocrx_word' id='word_1_184' title='bbox 968 3824 1029 3888; x_wconf 90' lang='lat' dir='ltr'>sed</span> <span class='ocrx_word' id='word_1_185' title='bbox 1042 3825 1133 3908; x_wconf 91' lang='lat' dir='ltr'>quod</span> <span class='ocrx_word' id='word_1_186' title='bbox 1146 3834 1294 3890; x_wconf 88' lang='lat' dir='ltr'>testetur</span> <span class='ocrx_word' id='word_1_187' title='bbox 1304 3825 1396 3911; x_wconf 89' lang='lat' dir='ltr'>quod</span> 
     </span>
     <span class='ocr_line' id='line_1_27' title="bbox 278 3915 1268 4001; baseline 0 -17"><span class='ocrx_word' id='word_1_188' title='bbox 278 3919 444 4001; x_wconf 86' lang='lat' dir='ltr'>recipiant</span> <span class='ocrx_word' id='word_1_189' title='bbox 463 3917 576 3994; x_wconf 83' lang='lat' dir='ltr'>fldem,</span> <span class='ocrx_word' id='word_1_190' title='bbox 596 3927 632 3982; x_wconf 89' lang='lat' dir='ltr'>et</span> <span class='ocrx_word' id='word_1_191' title='bbox 650 3918 741 4000; x_wconf 93' lang='lat' dir='ltr'>quod</span> <span class='ocrx_word' id='word_1_192' title='bbox 760 3915 946 3993; x_wconf 88' lang='lat' dir='ltr'>salventur,</span> <span class='ocrx_word' id='word_1_193' title='bbox 966 3919 994 3980; x_wconf 91' lang='lat' dir='ltr'>si</span> <span class='ocrx_word' id='word_1_194' title='bbox 1012 3929 1268 4000; x_wconf 87' lang='lat' dir='ltr'>regenerantur.</span> 
     </span>
    </p>

    <p class='ocr_par' dir='ltr' id='par_1_14' title="bbox 277 4009 1396 4184">
     <span class='ocr_line' id='line_1_28' title="bbox 338 4009 1396 4095; baseline 0.002 -21"><span class='ocrx_word' id='word_1_195' title='bbox 338 4010 437 4076; x_wconf 86' lang='grc'><strong>008.</strong></span> <span class='ocrx_word' id='word_1_196' title='bbox 466 4009 551 4073; x_wconf 91' lang='lat' dir='ltr'>Inde</span> <span class='ocrx_word' id='word_1_197' title='bbox 562 4017 723 4072; x_wconf 86' lang='lat' dir='ltr'>constare</span> <span class='ocrx_word' id='word_1_198' title='bbox 736 4017 855 4092; x_wconf 88' lang='lat' dir='ltr'>potest</span> <span class='ocrx_word' id='word_1_199' title='bbox 866 4009 947 4092; x_wconf 93' lang='lat' dir='ltr'>quid</span> <span class='ocrx_word' id='word_1_200' title='bbox 962 4009 1169 4092; x_wconf 86' lang='lat' dir='ltr'>intelligitur</span> <span class='ocrx_word' id='word_1_201' title='bbox 1184 4031 1245 4095; x_wconf 88' lang='lat' dir='ltr'>per</span> <span class='ocrx_word' id='word_1_202' title='bbox 1256 4011 1396 4078; x_wconf 89' lang='lat' dir='ltr'>Domini</span> 
     </span>
     <span class='ocr_line' id='line_1_29' title="bbox 277 4099 673 4184; baseline -0.008 -18"><span class='ocrx_word' id='word_1_203' title='bbox 277 4101 383 4166; x_wconf 87' lang='lat' dir='ltr'>verba</span> <span class='ocrx_word' id='word_1_204' title='bbox 397 4101 487 4184; x_wconf 89' lang='lat' dir='ltr'>apud</span> <span class='ocrx_word' id='word_1_205' title='bbox 505 4099 673 4176; x_wconf 86' lang='lat' dir='ltr'>Marcum,</span> 
     </span>
    </p>
   </div>
   <div class='ocr_carea' id='block_1_10' title="bbox 328 4233 1396 4366">
    <p class='ocr_par' dir='ltr' id='par_1_15' title="bbox 328 4233 1396 4366">
     <span class='ocr_line' id='line_1_30' title="bbox 328 4233 1396 4301; baseline 0.005 -17"><span class='ocrx_word' id='word_1_206' title='bbox 328 4233 401 4300; x_wconf 74' lang='lat' dir='ltr'>“Qui</span> <span class='ocrx_word' id='word_1_207' title='bbox 414 4233 555 4285; x_wconf 79' lang='lat' dir='ltr'>crediderit</span> <span class='ocrx_word' id='word_1_208' title='bbox 566 4243 593 4284; x_wconf 87' lang='lat' dir='ltr'>et</span> <span class='ocrx_word' id='word_1_209' title='bbox 606 4233 756 4296; x_wconf 79' lang='lat' dir='ltr'>baptizatus</span> <span class='ocrx_word' id='word_1_210' title='bbox 768 4233 855 4294; x_wconf 78' lang='lat' dir='ltr'>luerit,</span> <span class='ocrx_word' id='word_1_211' title='bbox 867 4234 1031 4296; x_wconf 82' lang='lat' dir='ltr'>salvabitur;</span> <span class='ocrx_word' id='word_1_212' title='bbox 1048 4236 1093 4301; x_wconf 86' lang='lat' dir='ltr'>qui</span> <span class='ocrx_word' id='word_1_213' title='bbox 1105 4249 1170 4288; x_wconf 84' lang='lat' dir='ltr'>vero</span> <span class='ocrx_word' id='word_1_214' title='bbox 1181 4251 1236 4288; x_wconf 86' lang='lat' dir='ltr'>noo</span> <span class='ocrx_word' id='word_1_215' title='bbox 1248 4237 1396 4299; x_wconf 81' lang='lat' dir='ltr'>crediderit,</span> 
     </span>
     <span class='ocr_line' id='line_1_31' title="bbox 408 4295 794 4366; baseline 0 -17"><span class='ocrx_word' id='word_1_216' title='bbox 408 4300 632 4350; x_wconf 83' lang='lat' dir='ltr'>condemnabitur</span> <span class='ocrx_word' id='word_1_217' title='bbox 638 4297 652 4319; x_wconf 78' lang='lat'>’⁹</span> <span class='ocrx_word' id='word_1_218' title='bbox 664 4299 726 4359; x_wconf 84' lang='lat' dir='ltr'>(xvi.</span> <span class='ocrx_word' id='word_1_219' title='bbox 740 4295 794 4366; x_wconf 83' lang='lat'><strong>16);</strong></span> 
     </span>
    </p>
   </div>
   <div class='ocr_carea' id='block_1_11' title="bbox 280 4427 1396 4702">
    <p class='ocr_par' dir='ltr' id='par_1_16' title="bbox 280 4427 1396 4702">
     <span class='ocr_line' id='line_1_32' title="bbox 282 4427 1396 4515; baseline 0.004 -23"><span class='ocrx_word' id='word_1_220' title='bbox 282 4427 368 4512; x_wconf 85' lang='lat' dir='ltr'>“qui</span> <span class='ocrx_word' id='word_1_221' title='bbox 397 4427 609 4506; x_wconf 87' lang='lat' dir='ltr'>crediderit‚”</span> <span class='ocrx_word' id='word_1_222' title='bbox 631 4437 685 4492; x_wconf 91' lang='lat' dir='ltr'>est</span> <span class='ocrx_word' id='word_1_223' title='bbox 715 4427 771 4513; x_wconf 90' lang='lat' dir='ltr'>qui</span> <span class='ocrx_word' id='word_1_224' title='bbox 797 4429 955 4512; x_wconf 88' lang='lat' dir='ltr'>agnoscit</span> <span class='ocrx_word' id='word_1_225' title='bbox 982 4429 1178 4509; x_wconf 86' lang='lat' dir='ltr'>Dominum,</span> <span class='ocrx_word' id='word_1_226' title='bbox 1206 4451 1245 4496; x_wconf 91' lang='lat' dir='ltr'>ac</span> <span class='ocrx_word' id='word_1_227' title='bbox 1276 4431 1396 4515; x_wconf 90' lang='lat' dir='ltr'>recipit</span> 
     </span>
     <span class='ocr_line' id='line_1_33' title="bbox 280 4521 1396 4609; baseline 0.005 -23"><span class='ocrx_word' id='word_1_228' title='bbox 280 4521 405 4586; x_wconf 88' lang='lat' dir='ltr'>Divina</span> <span class='ocrx_word' id='word_1_229' title='bbox 419 4543 500 4588; x_wconf 88' lang='lat' dir='ltr'>vera</span> <span class='ocrx_word' id='word_1_230' title='bbox 518 4523 562 4587; x_wconf 91' lang='lat' dir='ltr'>ab</span> <span class='ocrx_word' id='word_1_231' title='bbox 579 4521 659 4606; x_wconf 88' lang='lat' dir='ltr'>Ipso</span> <span class='ocrx_word' id='word_1_232' title='bbox 678 4543 737 4606; x_wconf 90' lang='lat' dir='ltr'>per</span> <span class='ocrx_word' id='word_1_233' title='bbox 752 4521 904 4588; x_wconf 87' lang='lat' dir='ltr'>Verbum</span> <span class='ocrx_word' id='word_1_234' title='bbox 918 4544 926 4602; x_wconf 87' lang='lat'><strong>;</strong></span> <span class='ocrx_word' id='word_1_235' title='bbox 951 4525 1036 4608; x_wconf 89' lang='lat' dir='ltr'>“qui</span> <span class='ocrx_word' id='word_1_236' title='bbox 1054 4525 1250 4609; x_wconf 86' lang='lat' dir='ltr'>baptizatus</span> <span class='ocrx_word' id='word_1_237' title='bbox 1267 4525 1396 4602; x_wconf 84' lang='lat' dir='ltr'>luerit‚”</span> 
     </span>
     <span class='ocr_line' id='line_1_34' title="bbox 280 4616 1015 4702; baseline 0.003 -21"><span class='ocrx_word' id='word_1_238' title='bbox 280 4625 334 4682; x_wconf 87' lang='lat' dir='ltr'>est</span> <span class='ocrx_word' id='word_1_239' title='bbox 353 4616 409 4700; x_wconf 91' lang='lat' dir='ltr'>qui</span> <span class='ocrx_word' id='word_1_240' title='bbox 427 4636 486 4700; x_wconf 88' lang='lat' dir='ltr'>per</span> <span class='ocrx_word' id='word_1_241' title='bbox 504 4616 562 4682; x_wconf 90' lang='lat' dir='ltr'>illa</span> <span class='ocrx_word' id='word_1_242' title='bbox 580 4637 600 4681; x_wconf 89' lang='lat' dir='ltr'>a</span> <span class='ocrx_word' id='word_1_243' title='bbox 619 4616 768 4682; x_wconf 91' lang='lat' dir='ltr'>Domino</span> <span class='ocrx_word' id='word_1_244' title='bbox 786 4628 1015 4702; x_wconf 85' lang='lat' dir='ltr'>regeneratur.</span> 
     </span>
    </p>
   </div>
   <div class='ocr_carea' id='block_1_12' title="bbox 0 0 1648 5284">
    <p class='ocr_par' dir='ltr' id='par_1_17' title="bbox 0 0 1648 5284">
     <span class='ocr_line' id='line_1_35' title="bbox 0 0 1648 5284; baseline 0 0"><span class='ocrx_word' id='word_1_245' title='bbox 0 0 1648 5284; x_wconf 95' lang='lat' dir='ltr'> </span> 
     </span>
    </p>
   </div>
  </div>
 </body>
</html>
