3352 5298
289 659 328 730 5²
613 661 664 715 nn:
687 661 792 715 novi
815 659 1091 716 ninnosouvun

808 1077 887 1164 nvn

522 1292 595 1368 DE
628 1292 822 1368 AMORE
858 1291 914 1367 IN
948 1292 1175 1370 GENERF.

302 1735 307 1743 ,
358 1667 446 1736 PSA
464 1671 535 1737 vita
550 1671 697 1736 hominis
712 1681 766 1738 est
778 1671 849 1754 ejus
864 1691 971 1746 amor,
982 1681 1019 1737 et
1034 1671 1142 1756 qualis
1155 1679 1209 1736 est
1220 1687 1317 1736 amor
1328 1669 1408 1734 talis

386 1776 440 1832 est
455 1767 538 1842 vita,
552 1766 657 1830 immo
672 1766 752 1831 talis
774 1776 828 1830 est
847 1775 943 1831 totus
960 1765 1085 1830 homo:
1109 1765 1170 1830 sed
1186 1783 1283 1830 amor
1297 1763 1407 1828 domi·

386 1881 473 1925 nans
494 1881 554 1926 seu
576 1880 724 1944 regnans
746 1861 874 1944 estqui
896 1861 977 1925 iacit
1000 1860 1185 1924 hominem.
1230 1858 1295 1924 Ille
1312 1875 1409 1922 amor

384 1954 447 2019 sibi
465 1955 705 2019 subordinatos
724 1955 828 2020 habet
846 1954 959 2038 piures
975 1973 1119 2029 amores,
1139 1953 1195 2036 qui
1217 1961 1297 2018 sunt
1319 1952 1408 2016 deri·

287 2051 465 2129 vationes;
488 2049 522 2113 hi
538 2049 601 2113 sub
615 2049 682 2114 alia
697 2049 810 2132 specie
828 2057 1006 2132 apparent,
1020 2047 1081 2112 sed
1097 2067 1201 2131 usque
1220 2045 1344 2130 singuli
1359 2045 1409 2112 illi

288 2147 404 2208 insunt
422 2143 529 2207 amori
547 2143 749 2218 dominanti,
763 2152 798 2208 et
815 2161 892 2207 cum
907 2141 968 2206 illo
982 2142 1110 2206 iaciunt
1129 2159 1233 2205 unum
1245 2158 1408 2222 regnum;

288 2257 386 2302 amor
394 2236 574 2300 dominans
592 2246 646 2302 est
662 2238 749 2301 sicut
765 2255 881 2302 eorum
896 2257 959 2300 rex
969 2243 1005 2299 et
1018 2246 1138 2318 caput;
1158 2237 1187 2300 is
1199 2235 1315 2317 dirigit
1334 2253 1405 2310 eos,

288 2341 325 2396 et
343 2351 404 2414 per
421 2351 491 2406 eos,
511 2340 549 2394 ut
572 2349 632 2414 per
649 2329 732 2395 fines
755 2331 898 2404 medios,
918 2325 1052 2413 spectat
1074 2337 1111 2393 et
1133 2329 1282 2394 intendit
1305 2327 1407 2392 finem

288 2443 397 2502 suum,
420 2425 476 2509 qui
498 2425 649 2488 omnium
676 2425 851 2508 primarius
878 2433 913 2488 et
940 2423 1079 2487 ultimus
1100 2431 1166 2498 est,
1190 2432 1226 2488 et
1247 2423 1312 2486 hoc
1336 2431 1408 2487 tam

287 2516 415 2584 dircite
437 2537 538 2603 quam
561 2517 732 2584 indired'te.
779 2518 818 2582 id
841 2519 932 2602 quod
960 2526 1015 2582 est
1040 2517 1165 2582 amoris
1187 2517 1407 2592 dominantis,

288 2624 342 2679 est
360 2615 451 2698 quod
470 2633 569 2698 super
587 2615 702 2678 omnia
719 2623 863 2678 amatur.

346 2721 418 2790 ³5·
439 2703 542 2788 Quod
554 2705 660 2770 homo
675 2725 777 2788 super
788 2706 905 2770 omnia
920 2713 1026 2778 amat,
1036 2701 1166 2786 jugiter
1177 2712 1231 2767 est
1244 2721 1408 2785 praesens

288 2803 322 2866 in
345 2802 416 2884 ejus
438 2803 660 2885 cogitatione,
680 2813 716 2866 et
739 2823 872 2885 quoque
898 2801 932 2864 in
959 2800 1030 2882 ejus
1047 2799 1239 2876 voluntate,
1259 2809 1296 2864 ct
1325 2797 1408 2866 iacit

289 2897 491 2979 ipsissimam
503 2897 609 2960 vitam
621 2895 701 2978 ejus.
737 2895 787 2962 Ut
801 2915 862 2979 pro
874 2894 1037 2978 exemplo
1047 2891 1168 2976 t-Qui
1181 2913 1282 2976 super
1293 2893 1409 2958 omnia

289 3000 383 3054 amat
398 3011 492 3072 opes,
506 2991 576 3054 sive
593 2991 661 3054 sint
678 2993 840 3072 pecuniae
856 2991 927 3054 sive
943 2989 1188 3073 possessiones,
1203 2989 1230 3052 is
1246 2989 1408 3052 continue

289 3086 403 3148 animo
420 3095 534 3149 versat
553 3085 725 3168 quomodo
747 3085 823 3150 illas
846 3085 909 3148 sibi
932 3093 1120 3166 comparet,
1140 3083 1270 3166 gaudet
1289 3083 1408 3148 intime

288 3197 365 3243 cum
381 3179 535 3262 acquirit,
550 3179 645 3243 dolet
661 3180 781 3244 intime
796 3199 873 3244 cum
889 3180 1036 3256 amittit;
1056 3199 1115 3244 cor
1127 3178 1198 3262 ejus
1209 3187 1263 3242 est
1281 3178 1314 3240 in
1330 3177 1407 3242 illis.

289 3271 356 3355 Qui
374 3274 607 3356 superomnia
625 3284 720 3338 amat
744 3293 791 3350 se,
811 3275 839 3338 is
858 3275 908 3338 sui
926 3273 1124 3338 recordatur
1141 3273 1175 3336 in
1193 3271 1348 3355 singulis,
1364 3271 1408 3338 de

289 3385 326 3430 se
348 3367 492 3449 cogitat,
509 3367 553 3431 de
576 3386 612 3430 se
635 3365 795 3450 loquitur,
814 3378 955 3451 propter
976 3387 1013 3431 se
1031 3367 1116 3450 agit,
1136 3365 1208 3430 vita
1223 3367 1314 3431 enim
1336 3365 1407 3450 ejus

288 3468 342 3524 est
357 3461 429 3524 vita
444 3460 503 3524 sui.

346 3552 422 3636 56.
449 3551 567 3616 Homo
588 3573 651 3635 pro
668 3551 734 3617 fine
753 3553 859 3618 habet
879 3553 914 3616 id
931 3552 1024 3635 quod
1042 3570 1144 3633 super
1159 3552 1274 3616 omnia
1290 3561 1406 3631 amat;

288 3643 371 3708 illud
387 3642 521 3728 spetiat
540 3645 573 3709 in
593 3645 749 3710 omnibus
768 3655 803 3710 et
822 3645 983 3728 singuiis:
1007 3651 1062 3708 est
1080 3645 1114 3707 in
1133 3641 1314 3708 voluntate
1336 3643 1408 3726 ejus

288 3739 375 3804 sicut
399 3738 511 3804 latens
534 3759 622 3804 vena
644 3739 744 3815 fluvii,
765 3760 852 3824 quae
874 3740 981 3804 trahit
1003 3749 1039 3804 et
1062 3737 1182 3814 aufert,
1202 3739 1307 3802 etiam
1329 3757 1408 3804 cum

287 3833 379 3897 aliud
397 3835 482 3916 agit,
499 3852 578 3898 nam
597 3835 631 3898 id
654 3845 708 3900 est
727 3835 817 3918 quod
836 3835 977 3899 animat.
1021 3833 1108 3898 Tale
1130 3841 1186 3896 est
1207 3834 1299 3918 quod
1322 3853 1408 3897 unus

287 3927 393 3992 homo
408 3927 498 4010 apud
517 3929 621 3992 alium
637 3929 809 4012 explorat,
826 3939 862 3994 et
878 3949 1012 4014 quoque
1027 3929 1142 4010 videt;
1165 3939 1202 3997 et
1220 3929 1407 3995 secundum

287 4021 322 4086 id
337 4021 392 4086 vel
411 4021 506 4087 ducit
522 4022 628 4099 illum,
646 4021 701 4086 vel
720 4023 793 4105 agit
812 4041 889 4087 cum
907 4023 978 4087 illo.

346 4131 414 4202 57·
435 4117 553 4182 Homo
575 4138 713 4201 prorsus
730 4119 810 4182 talis
828 4127 895 4194 est,
906 4119 1008 4202 quale
1026 4129 1080 4184 est
1098 4119 1171 4202 ejus
1186 4121 1280 4185 vitae
1295 4121 1408 4184 domi·

288 4230 374 4274 nans
389 4231 397 4290 ;
421 4229 480 4294 per
495 4209 561 4274 hoc
577 4211 798 4293 distinguitur
816 4211 860 4274 ab
878 4211 973 4292 aliis;
997 4211 1183 4277 secundum
1199 4213 1265 4278 hoc
1281 4211 1320 4278 fit
1336 4211 1408 4296 ejus

287 4305 420 4370 caelum
439 4305 468 4369 si
486 4305 606 4382 bonus,
623 4315 659 4370 et
678 4305 716 4371 fit
736 4305 806 4387 ejus
824 4305 990 4371 infernum
1009 4307 1037 4370 si
1055 4307 1185 4387 malus,
1208 4308 1242 4372 id
1260 4315 1315 4372 est
1333 4307 1408 4390 ipsa

287 4398 357 4480 ejus
369 4398 540 4476 voluntas,
553 4399 624 4482 ejus
637 4401 818 4484 proprium,
832 4411 868 4464 et
886 4399 957 4482 ejus
972 4409 1105 4479 natura,
1119 4409 1173 4466 est
1188 4401 1279 4466 enim
1296 4402 1406 4484 ipsum

287 4515 363 4558 esse
379 4495 471 4558 vitae
486 4493 577 4577 ejus:
601 4495 667 4560 hoc
687 4506 766 4578 post
786 4505 933 4561 mortem
952 4497 1076 4560 mutari
1094 4515 1163 4562 non
1182 4505 1311 4580 potest,
1327 4495 1407 4580 quia

286 4588 320 4652 id
339 4597 392 4653 est
409 4587 481 4672 ipse
496 4587 611 4653 homo.
