3352 5298
422 751 472 804 na
493 751 577 819 aJus
600 749 797 804 noenum
820 749 1093 802 creussen-N.
1116 749 1164 819 ις.
1314 750 1351 818 17

765 1213 819 1300 [1·]

518 1465 592 1539 DE
626 1463 772 1540 BONO
808 1463 876 1538 ET
910 1461 1068 1538 VERO.

717 1701 869 1718 μ

234 1809 289 1856 ¹¹0

384 1867 511 1934 MNIA
533 1869 566 1932 in
589 1869 756 1943 universo,
773 1887 859 1952 quae
878 1876 958 1931 sunt
981 1865 1167 1930 secundum
1191 1865 1350 1929 Divinum

412 1963 576 2038 ordinem,
600 1984 637 2028 se
663 1963 810 2027 referunt
833 1961 876 2025 ad
899 1962 1025 2026 bonum
1044 1972 1079 2025 et
1099 1980 1233 2038 verum3
1268 1959 1351 2024 nihil

412 2059 512 2122 datur
535 2059 567 2121 in
592 2057 698 2132 caelo,
718 2067 754 2122 et
777 2055 859 2120 nihil
886 2057 918 2120 in
943 2057 1080 2131 mundo,
1102 2054 1193 2138 quod
1216 2074 1284 2118 non
1307 2055 1351 2118 ad

413 2153 480 2218 duo
499 2152 558 2216 illa
575 2172 612 2215 se
631 2152 750 2216 refert:
775 2171 876 2216 causa
894 2161 959 2225 est,
976 2151 1054 2233 quia
1072 2161 1261 2233 utrumque,
1279 2160 1350 2214 tam

234 2248 361 2312 bonum
377 2265 478 2330 quam
495 2265 623 2330 verum,
640 2245 793 2328 procedit
810 2267 830 2309 a
846 2245 980 2320 Divino,
997 2265 1099 2327 aquo
1116 2246 1238 2308 omnia.

297 2355 360 2406 υ.
390 2341 475 2405 Inde
491 2351 587 2422 patet
603 2341 695 2422 quod
714 2339 795 2402 nihil
812 2341 920 2421 magis
936 2341 980 2404 sit
997 2339 1223 2403 necessarium
1241 2339 1351 2404 homi-

234 2437 277 2508 ni.
294 2454 396 2518 quam
415 2445 453 2499 ut
471 2436 556 2499 sciat
575 2434 655 2517 quid
673 2434 799 2498 bonum
823 2443 857 2498 et
880 2433 960 2517 quid
978 2451 1105 2508 verum,
1125 2443 1160 2497 et
1179 2434 1352 2515 quomodo

234 2548 336 2592 unum
352 2527 485 2610 sped'tat
501 2529 709 2602 alterumue
728 2529 899 2610 quomodo
918 2546 1020 2591 unum
1037 2527 1251 2610 conjungitur
1263 2527 1351 2591 alte-

234 2625 279 2688 ri:
303 2625 453 2688 maxime
471 2633 585 2687 autem
602 2623 826 2686 necessarium
846 2632 898 2686 est
917 2621 1044 2686 homini
1063 2621 1246 2698 ecclesiae;
1271 2639 1349 2685 nam

234 2719 320 2782 sicut
332 2719 445 2782 omnia
457 2717 542 2780 caeli
554 2738 590 2780 se
604 2717 752 2780 referunt
768 2716 810 2779 ad
827 2717 953 2780 bonum
969 2727 1004 2780 et
1018 2735 1145 2790 verum,
1159 2717 1206 2778 ita
1218 2735 1351 2798 quoque

234 2813 346 2876 omnia
368 2811 544 2888 ecclesiae,
564 2813 642 2894 quia
664 2811 790 2875 bonum
814 2820 850 2874 et
868 2829 984 2874 verum
1008 2809 1092 2873 caeli
1114 2819 1194 2873 sunt
1217 2831 1351 2893 quoque

234 2907 358 2970 bonum
374 2917 410 2972 et
422 2925 539 2970 verum
555 2905 728 2970 ecclesiae.
758 2905 866 2970 -Haec
883 2925 984 2970 causa
999 2916 1051 2970 est
1065 2906 1155 2989 quod
1172 2906 1351 2970 exordium

233 2999 292 3066 fiat
307 3021 328 3066 a
343 3001 434 3066 bono
449 3011 485 3065 et
502 3021 593 3065 vero.

292 3109 359 3177 13.
388 3093 581 3158 Secundum
594 3094 753 3158 Divinum
767 3095 919 3158 ordinem
933 3104 985 3158 est
998 3105 1035 3158 ut
1048 3095 1174 3158 bonum
1187 3105 1222 3160 et
1234 3113 1351 3159 verum

232 3185 412 3270 conjunota
433 3191 512 3264 sint,
532 3201 568 3253 et
592 3209 659 3252 non
683 3199 851 3271 separata,
871 3191 919 3253 ita
942 3200 979 3253 ut
1005 3192 1074 3254 sint
1097 3209 1200 3253 unum
1222 3199 1258 3254 et
1281 3209 1351 3252 non

211 3279 320 3361 'duo;
354 3279 535 3364 conjundta
564 3285 654 3347 enim
684 3284 872 3366 procedunt
902 3305 923 3348 a
953 3284 1088 3360 Divino,
1111 3293 1147 3348 et
1169 3281 1351 3366 conjundta

232 3377 363 3440 suntin
387 3377 494 3454 caelo,
511 3397 552 3442 ac
575 3378 653 3442 ideo
675 3375 854 3460 conjundta
876 3387 974 3441 erunt
1003 3379 1036 3440 in
1060 3377 1214 3441 ecclesia.
1259 3377 1351 3442 Con·

229 3467 358 3552 jundtio
380 3471 460 3536 boni
482 3483 518 3537 et
536 3473 606 3536 veri
624 3481 767 3536 vocatur
788 3473 822 3535 in
845 3471 941 3536 caelo
968 3471 1162 3556 conjugium
1188 3470 1350 3548 caeleste,

234 3565 365 3628 namin
389 3565 454 3630 hoc
478 3565 637 3648 conjugio
660 3575 739 3630 sunt
762 3585 882 3630 omnes
905 3568 960 3649 qui
980 3567 1035 3630 ibi.
1081 3567 1166 3631 Inde
1184 3577 1238 3632 est
1260 3567 1351 3649 quod

233 3659 265 3721 in
286 3657 404 3722 Verbo
426 3660 557 3724 caelum
580 3670 796 3742 comparetur
818 3659 987 3742 conjugio,
1005 3670 1039 3723 et
1067 3661 1157 3743 quod
1185 3660 1352 3724 Dominus

233 3752 364 3816 dicatur
376 3750 527 3836 Sponsus
539 3763 575 3817 et
592 3753 745 3829 Maritus,
760 3754 890 3818 caelum
907 3765 1022 3818 autem
1036 3752 1169 3837 Sponsa
1181 3765 1216 3818 et
1230 3753 1350 3833 Uxor;

232 3847 386 3912 similiter
401 3847 563 3912 ecclesia:
588 3849 678 3932 quod
695 3847 826 3912 caelum
842 3858 877 3913 et
894 3847 1038 3913 ecclesia
1053 3851 1102 3912 ita
1117 3850 1283 3925 dicantur,
1297 3859 1352 3914 est

233 3941 310 4024 quia
324 3941 371 4006 illi
389 3943 446 4025 qui
462 3943 517 4018 ibi,
534 3944 698 4024 recipiunt
716 3941 875 4006 Divinum
889 3941 1021 4006 Bonum
1041 3943 1074 4004 in
1094 3943 1190 4007 veris.

295 4051 362 4120 14.
395 4035 515 4101 Omnis
538 4037 766 4122 intelligentia
785 4047 820 4101 et
838 4039 1005 4120 sapientia
1023 4058 1109 4122 quae
1132 4047 1185 4102 est
1208 4037 1350 4122 angelis,

232 4141 285 4196 est
301 4152 346 4195 ex
362 4131 423 4196 illo
437 4131 604 4215 conjugio,
618 4143 653 4196 et
670 4153 738 4196 non
754 4131 866 4216 aliqua
882 4153 926 4196 ex
944 4133 1035 4196 bono
1051 4143 1210 4216 separato
1225 4154 1349 4209 avero,

233 4245 295 4290 nec
314 4245 335 4290 a
352 4247 434 4290 vero
452 4237 611 4310 separato
629 4245 650 4290 a
672 4227 772 4290 bono.
820 4223 937 4291 Simile
955 4238 1009 4291 est
1028 4228 1221 4291 hominibus
1238 4227 1350 4293 eccle·

232 4339 312 4384 siae.

296 4429 362 4500 13·
393 4412 481 4498 Quia
501 4413 694 4497 conjundlio
717 4416 797 4480 boni
819 4423 856 4480 et
880 4416 950 4480 veri
978 4425 1031 4480 est
1058 4417 1165 4480 instar
1192 4415 1348 4500 conjugii,

233 4519 329 4590 patet
351 4509 442 4592 quod
468 4509 596 4574 bonum
622 4520 714 4574 amet
736 4529 864 4586 verum,
884 4519 920 4574 et
939 4511 1086 4574 vicissim
1110 4529 1226 4574 verum
1257 4521 1350 4575 amet

232 4603 414 4680 bonum,et
423 4603 513 4686 quod
526 4623 628 4667 unum
641 4603 811 4668 desideret
824 4623 899 4668 cum
914 4604 1023 4669 altero
1034 4603 1203 4687 conjungi.
1232 4603 1350 4669 Homo

232 4695 395 4763 ecclesiae
411 4699 464 4763 cui
481 4717 550 4762 non
569 4697 647 4764 talis
662 4717 757 4764 amor
772 4709 825 4764 est
842 4708 877 4764 et
893 4699 963 4764 tale
979 4699 1192 4774 desiderium,
1209 4718 1278 4763 non
1295 4709 1349 4764 est
