3352 5298
263 649 307 714 24
455 709 457 712 ¹
588 647 638 699 DE
661 645 766 700 Nova
790 645 1066 700 HIEROSOLYMA

317 815 407 900 Quod
420 832 490 872 vera
502 818 656 874 eleventur
667 833 684 873 e
697 817 824 874 naturali
840 816 969 878 homine.
982 833 1018 872 ac
1032 833 1072 871 im
1094 816 1247 870 lantentur
1257 813 1338 870 bono
1354 813 1382 868 in

265 887 419 958 spirituali,
432 897 464 942 et
476 889 557 958 quod
571 888 614 943 sic
625 904 696 944 vera
711 888 785 944 liant
795 887 961 958 spiritualia
974 889 1015 956 (n.
1032 833 1109 956 3065,
1118 885 1187 956 3086
1201 926 1208 942 .

319 957 357 1012 Et
370 959 451 1028 quod
465 969 570 1028 postea
580 959 649 1014 inde
662 959 789 1014 influant
802 959 832 1014 in
846 959 1010 1014 naturalem
1024 959 1185 1020 hominem.
1199 958 1310 1012 bonum
1325 956 1384 1026 spi·

265 1028 371 1083 rituale
392 1029 422 1082 in
445 1029 556 1084 bonum
578 1029 721 1084 naturalis
744 1029 923 1092 immediate,
943 1028 973 1084 in
991 1045 1094 1084 venim
1119 1037 1220 1082 autem
1242 1026 1384 1082 naturalis

265 1098 395 1230 mediate
418 1101 458 1168 (ii.
472 1113 549 1168 3344,
569 1111 647 1170 3573,
664 1099 750 1170 4563;
778 1100 1011 1162 illustratum.
1027 1113 1105 1168 3344,
1119 1097 1197 1167 3576,
1213 1097 1290 1166 3646,
1307 1097 1384 1166 3969.

265 1182 425 1302 ³99{letho
445 1241 526 1311 quod
548 1257 619 1296 vera
643 1250 760 1295 tantum
786 1250 817 1296 et
837 1241 938 1296 taliter
958 1241 1181 1312 conjungantur
1201 1241 1282 1294 bono
1303 1238 1383 1308 apud

265 1310 426 1374 hominem,
439 1321 585 1382 quantum
601 1322 632 1367 et
644 1311 771 1382 qualiter
783 1311 877 1368 hoino
895 1311 984 1368 estin
998 1311 1079 1366 bono
1094 1308 1220 1382 1¹¹quoad
1233 1309 1326 1364 uitam
1343 1309 1383 1376 (ii.

260 1379 594 1524 'sssssiifflonjunfflo
606 1453 692 1508 aliter
704 1451 756 1508 siat
768 1451 847 1524 apud
860 1452 1011 1514 caelestes,
1024 1451 1110 1506 aliter
1122 1451 1202 1522 apud
1217 1449 1385 1521 spirituales

266 1523 307 1590 (ῃ.
320 1524 459 1648 6141424960
471 1591 683 1663 00030οέ11000
696 1593 767 1648 0001
780 1603 811 1648 04
823 1593 893 1656 veri,
906 1603 938 1648 et
951 1592 1105 1664 quomodo
1116 1591 1149 1646 fit
1163 1593 1204 1662 (ii.
1214 1605 1292 1661 3090,
1306 1603 1384 1661 3003,

267 1663 345 1733 3³08·
358 1663 437 1732 4096.
449 1675 530 1732 4097.
542 1677 621 1732 4444.
633 1674 712 1746 oss·
725 1664 801 1746 ⁵³⁶⁵·
815 1663 994 1732 76440604)-

323 1733 360 1788 Et
371 1733 524 1805 quomodo
538 1735 649 1789 bonum
663 1735 815 1805 spirituale
827 1751 880 1805 per
891 1749 961 1790 vera
973 1733 1118 1789 formatur
1131 1735 1172 1803 (ii.
1185 1745 1263 1802 3470,
1277 1733 1368 1802 3570).

267 1913 327 1974 ²⁴·
337 1919 340 1928 ’
354 1903 402 1973 [4]
420 1905 467 1958 De
480 1904 542 1958 t'llilt
553 1906 608 1973 qui
617 1906 650 1958 in
662 1905 741 1958 vera's
748 1909 817 1958 sunt
828 1921 865 1958 ex
875 1904 943 1958 60440
951 1923 965 1968 ,·
982 1906 1026 1958 ita
1038 1905 1074 1958 de
1083 1905 1164 1957 veri's
1174 1919 1211 1957 ex
1222 1901 1298 1958 bono.

320 2023 432 2079 Verum
451 2023 532 2094 quod
552 2024 635 2078 ducit
654 2023 692 2078 ad
711 2025 832 2086 bonum,
847 2033 879 2079 et
896 2024 978 2095 quod
997 2023 1133 2094 procedit
1151 2038 1188 2078 ex
1206 2023 1295 2084 bono,
1310 2035 1387 2092 quae

268 2094 435 2149 differentia
449 2095 488 2162 (n.
505 2092 598 2163 1063[?
614 2094 717 2162 2063]).
1368 2152 1375 2164 ,

321 2163 409 2235 Quod
429 2181 531 2220 vetum
554 2179 614 2219 non
636 2164 676 2219 sit
694 2179 796 2219 verum
815 2163 1013 2219 essentialiter
1030 2163 1087 2219 nisi
1105 2173 1250 2234 quantum
1270 2163 1387 2218 abono

267 2234 402 2305 procedit
416 2237 456 2303 (0.
465 2235 543 2303 4736,
557 2235 670 2303 40649);
684 2234 825 2304 quoniam
836 2251 938 2289 verum
952 2233 1042 2288 habet
1051 2251 1139 2288 suuni
1149 2249 1214 2288 esse
1224 2249 1242 2288 a
1254 2233 1335 2289 bono
1345 2235 1386 2302 (0.

267 2319 345 2374 3049,
359 2305 436 2374 3480,
449 2317 527 2374 4574,
557 2319 619 2368 000,
632 2305 732 2374 9444);
750 2315 780 2359 04
793 2321 876 2359 00040
889 2305 982 2359 vitam
998 2307 1039 2372 (ii.
1056 2317 1133 2372 0434,
1147 2317 1224 2373 3444,
1240 2303 1338 2370 6077);
1356 2312 1387 2357 04

267 2375 338 2446 quia
349 2391 451 2430 verum
473 2387 519 2432 est
551 2391 636 2431 orma
653 2391 704 2432 seu
725 2376 813 2446 quale
834 2375 905 2430 boni
925 2377 966 2444 (0.
987 2389 1064 2444 3049,
1084 2387 1163 2444 4574,
1182 2373 1278 2444 6954[1
1299 2373 1387 2444 5954),

321 2445 364 2511 41
398 2459 447 2511 44
473 2487 479 2501 .

267 2447 528 2588 9⁴⁵dugdsvyrum
547 2516 587 2572 sit
626 2531 727 2572 torsus
743 2515 821 2571 sicut
839 2517 951 2572 bonum
969 2516 1049 2586 apud
1072 2515 1233 2576 hominem.
1249 2515 1279 2570 in
1298 2513 1386 2571 simili

268 2587 383 2642 ratione
395 2597 426 2643 et
439 2587 527 2642 simili
540 2532 634 2656 gradu
648 2589 689 2656 (0.
702 2590 793 2656 0409).
1366 2653 1372 2668 .

321 2655 411 2729 Quod
426 2673 529 2712 verum
545 2668 579 2712 ut
593 2657 633 2712 sit
646 2672 758 2716 verum.
771 2657 870 2712 trahet
883 2671 967 2712 suam
982 2657 1142 2712 essentiam
1160 2672 1179 2712 a
1196 2657 1277 2712 bono
1291 2655 1388 2712 chan·

268 2727 340 2782 tatis
352 2738 384 2782 et
398 2728 585 2782 innocentiae
598 2730 639 2796 (0.
654 2741 683 2796 34
692 2741 701 2780 4
710 2741 731 2790 4,
744 2726 836 2796 6043).

323 2797 402 2853 Vera
413 2812 491 2870 quae
503 2813 540 2852 044
553 2799 634 2854 0000
646 2797 727 2868 quod
740 2797 801 2852 sint
813 2813 884 2853 vera
898 2797 1062 2869 spiritualia
1075 2799 1116 2866 (ιι.
1132 2798 1220 2868 5954).

323 2921 412 2994 Quod
425 2939 528 2978 verum
544 2939 613 2978 cum
629 2924 710 2978 bono
723 2939 815 2978 unum
829 2923 919 2978 iaciat
931 2939 999 2978 cum
1013 2923 1147 2994 procedit
1159 2940 1177 2979 a
1191 2925 1280 2987 bono.
1294 2941 1387 2996 usque

270 2994 347 3049 adeo
360 3004 394 3047 ut
406 3003 565 3064 utrumque
578 2993 665 3048 simul
679 2993 718 3049 sit
727 3009 820 3050 unum
832 2994 944 3049 bonum
959 2997 999 3063 (0.
1008 2993 1104 3065 4330[1
1113 3009 1192 3064 4304,
1204 2996 1296 3065 43371,
1309 2995 1387 3066 7835,

271 3063 589 3206 ¹0²sti'iiligziiiQlec'ius
601 3144 632 3188 et
640 3135 777 3190 voluntas
785 3151 875 3190 unam
886 3145 1016 3190 mentem
1025 3151 1157 3190 acunam
1165 3135 1257 3192 vitam
1268 3135 1387 3198 iaciant,

269 3221 338 3260 cum
359 3203 525 3259 intelleciua
544 3204 679 3275 procedit
696 3221 715 3260 a
726 3205 889 3266 voluntate,
902 3205 1043 3275 quoniam
1063 3205 1230 3262 intelletius
1250 3217 1297 3262 eat
1315 3207 1388 3262 reci-

269 3275 354 3346 piens
366 3275 436 3337 veri,
449 3291 484 3330 ac
496 3276 635 3330 voluntas
648 3275 734 3336 boni:
752 3291 813 3330 non
826 3286 926 3330 autem
941 3291 1010 3330 cum
1026 3276 1118 3331 homo
1133 3277 1219 3332 aliter
1229 3277 1344 3348 cogitat
1357 3287 1389 3332 et

269 3345 402 3415 loquitur
414 3361 503 3415 quam
517 3346 581 3400 vult
595 3347 635 3412 (ιι.
650 3345 740 3414 3603).

322 3413 411 3487 Quod
425 3431 528 3471 verum
548 3419 584 3471 e'ir
603 3416 683 3472 bono
698 3416 737 3471 ait
749 3431 852 3472 verum
867 3415 1023 3472 voluntate
1041 3427 1073 3472 et
1085 3415 1153 3473 0610
1164 3417 1205 3488 (0.
1217 3429 1296 3488 4337,
1308 3430 1387 3488 4353,

267 3485 513 3640 4ῗ86ἷυ44094ἳὲιυιιι
529 3555 664 3681 83000614
678 3572 715 3612 ex
733 3557 821 3620 0000,
834 3557 915 3629 quod
930 3557 1043 3614 bonum
1060 3557 1174 3614 invem
1192 3557 1301 3614 000004
1316 3559 1389 3614 ima·

268 3641 369 3698 ginem
382 3643 428 3682 sui
442 3629 483 3696 (n.
496 3641 526 3696 34
565 3627 587 3695 ).

372 3755 412 3809 od
426 3755 456 3808 in
469 3755 609 3810 universo
620 3755 704 3810 caelo
717 3765 748 3810 04
761 3756 881 3818 mundo,
895 3771 930 3810 00
943 3755 973 3810 10
985 3755 1110 3826 singulis
1122 3772 1233 3820 eorum.
1243 3757 1284 3812 sit
1297 3757 1389 3814 instar

268 3839 325 3880 con
339 3825 454 3908 031110ς
470 3837 510 3908 54,
524 3823 583 3892 748,
597 3825 675 3894 749[1
688 3826 760 3894 747],
773 3837 833 3895 9ι7,
851 3839 925 3894 4430,
939 3838 1016 3894 0473,
1031 3841 1046 3879 0
1070 3827 1108 3888 46,
1124 3828 1212 3898 5494).

339 3911 472 3965 inprimis
492 3905 569 3950 inter
588 3911 691 3950 verum
713 3905 745 3952 et
768 3896 879 3952 bonum
905 3897 946 3966 (0.
970 3897 1049 3966 4094(
1084 3897 1388 3970 1904]‚2173.2503[?

269 3965 472 4090 25080001040
488 4035 590 4090 omnia
605 4035 634 4089 in
650 4035 790 4092 universo
805 4053 836 4092 se
855 4035 987 4091 401οι004
1001 4037 1039 4092 ad
1052 4053 1155 4093 verum
1170 4048 1201 4093 04
1213 4037 1251 4093 041
1266 4039 1388 4102 bonum,

269 4117 303 4160 ut
316 4116 376 4160 sint
387 4106 508 4176 aliquid.
518 4115 549 4160 et
561 4106 599 4160 ad
612 4104 854 4177 conjuniiionem
864 4121 976 4170 eorum,
987 4117 1022 4162 ut
1034 4109 1216 4178 producatur
1224 4109 1336 4182 aliquid
1347 4115 1388 4178 (n.

269 4175 467 4245 0454804501.
483 4175 559 4260 4469.
572 4189 651 4260 4490.
664 4191 743 4262 4409,
759 4177 1035 4262 40437446.,104,00.
1052 4181 1157 4262 00455)

323 4244 412 4318 Quod
431 4255 546 4316 antiqui
564 4257 654 4302 etiam
675 4257 858 4302 instituerint
875 4263 1047 4320 conjugium
1071 4259 1148 4305 niter
1164 4263 1266 4305 verum
1286 4261 1317 4307 et
1335 4253 1387 4308 bo·

269 4332 341 4370 num
356 4317 395 4384 (ιι.
412 4317 500 4384 4904).

323 4384 412 4457 Quod
427 4385 474 4442 lex
486 4386 617 4458 conjugii
630 4386 670 4442 sit
683 4397 717 4442 ut
729 4388 791 4443 duo
803 4403 896 4442 unum
909 4388 976 4452 sint,
985 4390 1148 4445 secundum
1161 4391 1252 4446 verba
1265 4389 1386 4446 Domini

270 4460 311 4524 (n.
329 4471 420 4525 40430,
436 4456 525 4520 40468,
544 4457 649 4526 40469).

322 4524 413 4650 Puod
433 4527 523 4581 etiam
545 4543 630 4582 amor
647 4543 717 4583 vere
736 4529 912 4600 coniugialia
930 4545 967 4584 ex
988 4529 1130 4603 conjugio
1147 4529 1210 4587 veti
1229 4541 1261 4588 et
1280 4531 1350 4588 boni
1370 4548 1388 4588 0

269 4611 321 4652 cac
333 4612 353 4651 o
365 4597 527 4652 descendat
539 4607 570 4653 et
582 4598 690 4654 existat
704 4601 744 4669 (0.
759 4599 836 4666 0708,
850 4601 941 4670 0709).
