3282 5294
301 690 342 758 54
709 689 760 742 nn
781 689 1012 744 cursuras.

299 857 406 940 prium
418 855 563 922 hominis
575 877 634 939 per
644 857 870 924 reversionem
883 858 975 922 illam
988 855 1111 924 sactum
1124 859 1168 925 sit
1181 879 1271 925 mere
1282 859 1419 937 malum,

298 959 352 1016 est
364 950 509 1016 alterum
521 951 667 1016 medium
677 953 940 1033 recuperationis
952 955 1107 1036 imaginis
1120 954 1195 1032 Dei,
1204 955 1318 1038 sugere
1331 956 1422 1020 mala

299 1053 337 1108 ut
353 1053 515 1126 peccata;
538 1045 659 1108 namsi
675 1065 744 1108 non
759 1045 844 1128 fugit
860 1047 950 1110 mala
966 1057 1001 1112 ut
1018 1058 1170 1129 peccata,
1186 1049 1248 1112 sed
1263 1049 1367 1113 modo
1383 1058 1420 1112 ut

299 1139 433 1214 damna,
445 1159 550 1220 usque
566 1157 633 1202 non
646 1136 780 1220 spectat
795 1140 838 1204 ad
855 1139 1038 1205 Dominum
1054 1141 1115 1206 sed
1130 1143 1174 1206 ad
1188 1153 1308 1218 semet,
1321 1151 1357 1208 et
1373 1143 1419 1206 sic

300 1241 476 1314 permanet
496 1233 530 1296 in
546 1241 638 1296 statu
654 1252 832 1314 perverso;
855 1235 935 1298 dum
951 1245 1065 1299 autern
1081 1234 1165 1318 fugit
1181 1235 1271 1300 mala
1286 1245 1322 1300 ut
1339 1255 1419 1318 pec·

300 1334 388 1401 cata,
403 1324 488 1408 fugit
511 1325 568 1390 illa
585 1326 662 1408 quia
677 1337 756 1391 sunt
778 1337 898 1392 contra
920 1327 1103 1393 Dominum
1126 1339 1162 1394 et
1182 1339 1303 1394 contra
1325 1329 1420 1413 leges

301 1418 440 1483 Divinas
456 1419 574 1502 Ipsius,
587 1430 624 1484 et
639 1431 721 1485 ωηο
736 1422 904 1504 supplicat
919 1423 962 1486 ad
979 1423 1162 1488 Dominum
1178 1425 1220 1488 de
1236 1443 1302 1506 ope
1317 1433 1354 1489 et
1376 1425 1419 1489 de

300 1514 456 1593 potentia
477 1514 655 1579 resistendi
678 1515 754 1591 illis,
770 1536 855 1598 quae
878 1518 1034 1600 potentia
1051 1517 1240 1599 supplicata
1254 1538 1419 1600 nusquam

301 1617 465 1689 negatur3
488 1627 548 1690 per
562 1608 646 1673 haec
662 1610 729 1674 duo
747 1609 858 1673 media
873 1609 1064 1692 purificatur
1079 1611 1182 1676 homo
1204 1631 1225 1674 a
1247 1612 1343 1676 malis
1358 1613 1421 1678 sibi

300 1701 455 1766 connatis
461 1722 469 1780 ;
492 1721 595 1784 quare
610 1704 637 1767 si
653 1703 710 1768 illa
725 1703 792 1767 duo
808 1705 919 1768 media
934 1723 1002 1769 non
1014 1701 1239 1786 amplectitur,
1257 1726 1325 1770 ηοη
1340 1718 1419 1790 pot·

301 1805 355 1859 est
377 1795 476 1860 aliter
490 1815 591 1878 quam
612 1817 747 1861 manere
762 1797 869 1880 qualis
890 1807 989 1864 natus
1008 1807 1061 1862 est
1073 1819 1081 1878 ;
1105 1818 1173 1862 non
1196 1809 1311 1881 potest
1334 1801 1422 1882 puri·

301 1887 428 1954 ficaria
449 1889 547 1954 malis
562 1891 589 1954 si
605 1889 714 1955 solum
730 1889 863 1973 spectat
879 1891 921 1954 ad
938 1891 1048 1956 Deum
1064 1903 1100 1956 et
1115 1903 1210 1971 orat;
1234 1903 1314 1958 tunc
1330 1895 1421 1960 enim

301 1983 408 2048 credit
424 1993 605 2066 postquam
619 1994 775 2049 oraverat
791 1985 881 2066 quod
897 2004 1032 2065 prorsus
1046 1986 1173 2068 absque
1189 1989 1348 2068 peccatis,
1361 2009 1421 2054 seu

300 2077 390 2159 quod
413 2079 562 2155 remissa,
578 2098 638 2160 per
658 2079 749 2161 quod
771 2079 932 2161 intelligit
954 2080 1044 2162 quod
1066 2079 1134 2144 sint
1157 2079 1291 2144 ablata:
1315 2091 1352 2146 at
1373 2083 1420 2148 sic

300 2191 405 2253 usque
421 2181 536 2235 manet
552 2173 585 2236 in
601 2171 684 2251 illis;
707 2182 742 2236 et
758 2191 893 2236 manere
909 2174 942 2236 in
958 2173 1022 2236 illis
1038 2183 1091 2238 est
1106 2193 1229 2255 augere
1245 2173 1302 2238 illa
1316 2196 1324 2253 ;
1340 2195 1420 2240 nam

233 2285 237 2295 ·
300 2275 379 2329 sunt
395 2267 501 2329 instar
516 2267 623 2331 morbi
645 2267 700 2348 qui
722 2267 846 2331 circum
863 2287 899 2330 se
915 2267 1068 2347 depascit
1087 2269 1199 2331 omnia
1222 2277 1257 2330 et
1279 2267 1420 2332 mortifi-

301 2369 377 2437 cat;
404 2379 466 2425 nec
489 2360 578 2424 mala
600 2371 817 2424 removentur
839 2381 898 2442 per
920 2361 1029 2424 solum
1051 2361 1166 2443 fugere
1188 2360 1255 2439 illa,
1270 2381 1350 2425 nam
1372 2363 1419 2426 sic

300 2451 434 2536 spectat
455 2454 499 2519 ad
515 2475 563 2530 se,
578 2465 614 2520 et
637 2473 696 2536 per
717 2455 751 2518 id
773 2453 950 2520 confirmat
967 2456 1131 2536 originem
1153 2455 1243 2530 mali,
1260 2474 1345 2537 quae
1361 2456 1420 2520 luit

300 2549 391 2630 quod
406 2557 515 2613 semet
528 2557 619 2614 retro
630 2551 770 2613 verterit
782 2570 803 2612 a
818 2547 966 2613 Domino
978 2559 1013 2614 et
1026 2549 1233 2612 converterit
1244 2549 1288 2612 ad
1300 2559 1418 2614 semet.

302 2727 330 2780 5.
356 2726 631 2796 quartanarumque
647 2743 697 2780 non
709 2727 842 2796 cognoscit
857 2732 885 2781 ot
899 2727 952 2782 retr
964 2731 1074 2796 perroto
1090 2741 1216 2796 quasnam
1233 2731 1302 2787 runt,
1321 2731 1419 2780 tamum

399 2818 448 2856 non
462 2803 547 2856 rident
557 2803 634 2857 alitor
645 2819 721 2872 quum
732 2805 801 2872 quod
809 2805 907 2872 ubsque
915 2804 1032 2873 porculis
1043 2804 1086 2857 αϊ.

364 2923 484 2990 Omnis
499 2925 602 2991 homo
613 2936 706 2990 amat
722 2927 892 3009 proprium
908 2946 1013 3004 suurn,
1029 2935 1099 2989 tarn
1116 2925 1285 3008 proprium
1301 2925 1420 2990 volun·

300 3021 420 3082 tarium
436 3039 536 3102 quam
552 3021 721 3102 proprium
737 3017 987 3096 intellecluale;
1011 3020 1181 3100 proprium
1192 3019 1418 3086 voluntarium

300 3123 353 3176 est
366 3113 502 3190 malum,
515 3123 551 3178 et
567 3115 736 3196 proprium
748 3109 978 3178 intellectuale
990 3124 1043 3178 est
1059 3112 1177 3176 salsum
1189 3135 1235 3176 ex
1247 3112 1306 3177 illo
1318 3113 1419 3193 malo,

233 3263 235 3268 .
300 3207 348 3270 ita
363 3218 416 3272 est
431 3207 550 3272 falsum
566 3207 665 3286 maii;
689 3218 724 3272 et
740 3209 817 3290 quia
832 3207 941 3271 omnis
956 3207 1060 3271 homo
1076 3217 1169 3271 amat
1192 3227 1252 3270 sua
1274 3209 1417 3290 propria,

300 3299 349 3364 ita
363 3312 455 3365 amat
470 3302 596 3366 malum
612 3312 647 3366 et
663 3301 732 3384 ejus
751 3302 882 3378 salsum,
899 3311 934 3365 et
957 3302 1034 3383 quia
1049 3321 1150 3364 omne
1172 3301 1263 3384 quod
1285 3313 1418 3366 amatur

300 3395 403 3458 etiarn
415 3395 598 3478 jucundum
613 3406 676 3475 est,
692 3397 768 3460 ideo
784 3415 852 3460 non
870 3397 934 3459 scit
956 3395 1055 3458 aliter
1070 3415 1170 3477 quarn
1186 3394 1275 3478 quod
1292 3394 1417 3459 malurn

300 3489 389 3570 apud
412 3509 448 3552 se
471 3490 514 3553 sit
536 3490 673 3566 bonum,
690 3500 725 3554 et
748 3490 838 3572 quod
861 3488 980 3553 falsum
1003 3488 1072 3569 ejus
1095 3489 1138 3552 sit
1157 3507 1293 3567 verum;
1316 3507 1417 3554 omne

300 3584 389 3646 enirn
405 3583 438 3646 id
454 3583 574 3648 dicitur
586 3584 710 3648 bonum
726 3583 816 3666 quod
833 3593 884 3647 est
897 3581 1090 3664 jucundum.
1135 3581 1191 3645 Ex
1207 3582 1258 3646 his
1274 3584 1416 3664 primurn

300 3677 405 3742 videri
427 3687 553 3759 potest,
575 3677 665 3760 quod
688 3679 750 3740 nisi
775 3678 879 3741 homo
901 3685 1087 3759 cognoscat
1110 3686 1145 3740 et
1168 3678 1253 3740 sciat
1276 3686 1418 3758 peccata

299 3791 464 3854 quaenam
481 3781 570 3848 sunt,
586 3781 720 3834 tantum
737 3791 805 3834 non
820 3771 935 3834 videat
950 3770 1048 3834 aliter
1063 3789 1162 3852 quarn
1178 3770 1268 3852 quod
1291 3771 1417 3853 absque

300 3867 449 3946 peccatis
467 3867 521 3929 sit.
565 3863 633 3929 Sed
656 3867 732 3948 quia
754 3865 857 3928 homo
879 3874 972 3929 amat
995 3863 1121 3927 malum
1144 3883 1240 3926 suum
1263 3873 1298 3927 et
1321 3863 1416 3946 hujus

300 3959 430 4036 salsum,
442 3961 519 4042 quia
533 3969 625 4023 amat
641 3959 822 4040 proprium,
834 3978 902 4022 non
919 3967 1034 4040 potest
1051 3959 1135 4022 scire
1147 3958 1226 4039 quid
1243 3956 1368 4020 malum
1380 3965 1416 4022 et

299 4053 377 4118 inde
393 4054 471 4136 quid
487 4052 606 4118 falsum
621 4074 642 4116 a
657 4063 777 4128 semet,
794 4052 854 4116 sed
867 4051 994 4115 videbit
1011 4051 1044 4114 id
1060 4049 1214 4126 aliunde;
1238 4049 1366 4114 videbit
1382 4049 1415 4114 id

300 4169 344 4211 ex
357 4149 546 4230 praeceptis
558 4147 738 4228 religionis,
752 4165 892 4228 quorum
904 4147 1018 4209 omnia
1029 4165 1065 4209 se
1081 4143 1226 4208 referunt
1243 4143 1285 4206 ad
1298 4143 1417 4208 decern

300 4251 482 4323 praecepta
495 4241 678 4323 Decalogi;
702 4261 787 4324 quae
803 4249 985 4322 praecepta
997 4241 1025 4302 si
1040 4259 1085 4304 ex
1101 4239 1214 4302 animo
1226 4237 1342 4319 rejicit,
1357 4257 1416 4302 nc·

300 4355 467 4418 quaquam
489 4345 604 4417 potest
628 4335 740 4400 videre
763 4335 861 4399 aliter
883 4353 983 4417 quarn
1006 4333 1096 4416 quod
1118 4332 1244 4414 absque
1268 4332 1417 4414 peccatis

300 4431 364 4507 sit;
387 4440 422 4492 et
439 4440 519 4494 tunc
536 4431 612 4512 quia
626 4451 671 4494 ex
688 4429 827 4493 infantia
849 4429 999 4510 initiatus
1015 4437 1066 4491 est
1089 4427 1122 4490 in
1146 4425 1273 4488 cultum
1291 4423 1365 4498 Dei,
1382 4434 1417 4488 et

300 4543 344 4586 ex
358 4521 510 4588 doctrina
520 4523 695 4588 Ecclesiae
705 4525 799 4586 novit
812 4522 901 4604 quod
915 4531 1074 4602 peccator
1086 4521 1129 4584 sit
1142 4539 1162 4581 a
1174 4520 1280 4601 prima
1289 4518 1417 4600 origine

300 4628 336 4682 et
352 4618 429 4682 dein
445 4639 466 4682 a
481 4619 670 4692 nativitate,
687 4619 803 4699 incipit
819 4614 972 4680 confiteri
988 4614 1077 4697 quod
1093 4622 1254 4696 peccator
1269 4613 1333 4690 sit;
1357 4609 1417 4676 sed
