3288 5294
589 651 640 704 DE
662 647 768 704 novt
790 645 1065 702 HIEROSOLYMA

783 1153 881 1240 [κη]

358 1393 432 1470 DE
465 1391 837 1476 PAENITENTIA,
872 1390 939 1465 ET
973 1389 1304 1466 REMISSIONE

645 1515 1019 1591 PECCATORUM.

766 1748 895 1768 q—-u—

196 2037 198 2044 ,
270 1889 474 2296 ¹5’QUI
492 1943 566 2008 vult
581 1942 714 2020 salvari,
730 1940 949 2008 confitebitur
967 1953 1111 2028 peccata
1128 1963 1199 2020 sua,
1216 1953 1253 2008 et
1268 1945 1386 2028 paeni.

450 2039 596 2104 tentiam
613 2047 706 2120 aget.

491 2133 592 2200 16⁰·
621 2131 785 2216 confiteri
803 2141 949 2215 peccata,
968 2141 1022 2197 est
1048 2151 1260 2214 cognoscere
1282 2133 1384 2208 mala,

446 2225 560 2290 videre
576 2224 635 2289 illa
649 2226 739 2308 apud
756 2246 803 2302 se,
817 2245 1005 2307 agnoscere
1020 2225 1088 2302 illa,
1101 2245 1138 2290 se
1153 2245 1246 2290 reum
1262 2225 1384 2301 facere,

269 2327 306 2382 et
328 2327 468 2401 propter
489 2318 549 2382 illa
570 2338 607 2384 se
630 2319 812 2383 damnare:
836 2319 902 2384 hoc
925 2337 1002 2383 cum
1025 2317 1063 2383 fit
1086 2339 1202 2384 coram
1225 2318 1312 2396 Deo,
1331 2329 1385 2384 est

269 2410 424 2476 confiteri
442 2421 595 2496 peccata.

329 2509 424 2576 161.
450 2507 703 2572 Paenitentiam
723 2528 832 2590 agere,
851 2517 916 2584 est,
935 2517 1120 2592 postquam
1143 2509 1192 2573 ita
1209 2509 1385 2574 consessus

269 2610 323 2665 est
342 2609 495 2682 peccata,
515 2611 551 2665 et
570 2620 616 2664 ex
633 2600 751 2663 humili
769 2600 872 2664 corde
890 2600 1094 2683 supplicavit
1113 2601 1156 2664 de
1175 2601 1383 2670 remissione.

269 2695 434 2760 desistere
463 2695 507 2758 ab
536 2693 614 2770 illis,
637 2703 674 2758 et
700 2695 808 2760 vitam
838 2714 962 2758 novam
988 2695 1175 2759 secundum
1201 2705 1385 2778 praecepta

269 2789 447 2853 charitatis
465 2799 501 2852 et
519 2787 598 2853 fidei
615 2807 728 2871 agere.

328 2885 423 2948 162.
451 2883 518 2965 Qui
537 2883 648 2947 solum
670 2881 911 2947 universaliter
928 2884 1088 2966 agnoscit
1110 2884 1202 2967 quod
1220 2893 1385 2964 peccator

269 2975 326 3049 sit,
342 2984 378 3039 et
396 2995 433 3038 se
451 2993 544 3038 reum
563 2975 714 3039 omniurn
732 2975 899 3039 malorum
917 2975 1008 3052 lacit,
1023 2985 1058 3040 et
1074 2995 1143 3040 non
1159 2976 1319 3059 explorat
1335 2995 1382 3050 se,

268 3069 334 3132 hoc
354 3077 418 3145 est,
438 3069 532 3133 videt
550 3089 611 3133 sua
628 3078 783 3151 peccata,
804 3069 831 3132 is
849 3069 1098 3134 consessionem
1121 3071 1211 3147 iacit,
1232 3071 1293 3135 sed
1316 3089 1384 3134 non

268 3161 516 3227 consessionem
539 3164 790 3246 paenitentiae:
825 3165 853 3228 is
876 3165 954 3246 quia
981 3184 1050 3229 non
1076 3165 1171 3230 novit
1199 3186 1260 3230 sua
1282 3165 1382 3244 mala,

268 3257 352 3321 vivit
371 3267 492 3340 postea
507 3257 595 3322 sicut
610 3258 712 3340 prius.

328 3355 426 3436 163.
455 3351 522 3435 Qui
546 3353 655 3418 vitam
683 3353 865 3417 charitatis
893 3362 929 3416 et
958 3352 1037 3417 fidei
1064 3353 1160 3429 vivit,
1183 3353 1211 3416 is
1239 3353 1384 3418 cottidie

268 3445 514 3528 paenitentiam
526 3445 610 3528 agit,
624 3443 766 3510 relledlit
779 3465 879 3530 super
891 3443 981 3509 mala
996 3465 1081 3528 quae
1094 3445 1183 3527 apud
1199 3464 1246 3520 se,
1258 3463 1384 3526 agnos·

268 3539 316 3605 cit
334 3540 404 3617 illa,
422 3549 521 3605 cavet
540 3540 584 3603 ab
602 3539 680 3614 illis,
698 3539 868 3623 supplicat
887 3538 1071 3604 Dominum
1091 3539 1134 3604 de
1152 3559 1228 3622 ope.
1269 3537 1385 3602 Homo

268 3635 359 3698 enirn
377 3635 538 3699 continue
554 3655 600 3698 ex
619 3654 656 3698 se
674 3633 809 3709 labitur,
823 3633 883 3697 sed
900 3655 920 3696 a
939 3633 1088 3698 Domino
1103 3635 1264 3698 continue
1283 3633 1384 3715 erigi·

267 3741 333 3806 tur,
349 3739 385 3794 et
403 3729 536 3794 ducitur
551 3729 594 3792 ad
614 3729 760 3806 bonum;
784 3727 863 3792 talis
879 3737 991 3793 status
1010 3738 1063 3792 est
1082 3727 1220 3810 illisqui
1238 3729 1272 3790 in
1292 3727 1384 3791 bono

268 3833 358 3888 sunt.
399 3822 466 3904 Qui
481 3833 596 3888 autem
616 3823 650 3887 in
668 3821 761 3886 malo
776 3831 867 3897 sunt,
885 3822 1044 3886 labuntur
1059 3821 1230 3896 continue,
1248 3832 1283 3885 et
1300 3841 1385 3904 quo·

268 3937 333 4000 que
355 3937 376 3981 a
399 3917 548 3981 Domino
570 3917 748 3981 elevantur
769 3917 942 3991 continue,
962 3915 1023 3979 sed
1045 3916 1148 3979 modo
1171 3915 1385 3979 abducuntur

268 4031 311 4075 ne
334 4013 462 4076 cadant
483 4012 517 4076 in
539 4012 741 4094 gravissima
762 4009 865 4086 mala,
884 4010 928 4074 ad
951 4031 1038 4094 quae
1060 4031 1105 4074 ex
1132 4030 1169 4074 se
1195 4011 1288 4075 omni
1310 4011 1384 4073 nisu

268 4105 426 4170 tendunt.

328 4203 428 4285 164.
457 4201 574 4264 Homo
598 4200 655 4282 qui
682 4197 846 4282 explorat
874 4219 923 4276 se,
949 4209 988 4262 ut
1013 4199 1262 4282 paenitentiam
1287 4208 1383 4282 agat,

268 4293 463 4377 explorabit
477 4292 707 4374 cogitationes
722 4311 801 4354 suas
817 4301 853 4355 et
868 4290 1274 4357 intentionesvoluntatis
1285 4313 1383 4372 suae;

268 4398 305 4452 et
327 4388 383 4463 ibi,
402 4386 481 4471 quid
510 4384 657 4451 lodiucus
683 4394 775 4451 esset
804 4385 832 4449 si
862 4387 892 4450 ei
922 4385 1050 4462 liceret,
1075 4386 1140 4450 hoc
1170 4397 1235 4462 est,
1259 4387 1287 4450 si
1315 4404 1384 4450 non

268 4483 406 4548 timeret
424 4481 520 4563 leges
535 4499 575 4545 ac
590 4477 758 4563 januam
776 4479 896 4556 lamae,
909 4481 1049 4544 honoris
1064 4490 1100 4544 et
1119 4479 1221 4544 lucri:
1244 4481 1290 4544 ibi
1305 4490 1384 4545 sunt

268 4575 360 4641 mala
377 4575 545 4656 hominis3
569 4573 661 4640 mala
678 4594 765 4659 quae
783 4574 1045 4658 homo'corpore
1063 4573 1154 4651 facit,
1171 4583 1250 4640 sunt
1270 4573 1384 4638 omnia
