3338 5300
343 701 386 766 70
815 702 987 755 CORONIS.

393 871 412 894 ⁴⁸
421 869 639 922 Devastabuntur
650 871 677 922 in
690 873 780 923 medio
790 881 921 924 terrarum
933 873 1144 934 devastatamm,
1158 882 1185 924 et
1197 875 1278 924 urbes
1290 874 1350 938 eius
1367 876 1395 926 in
1407 891 1462 927 me·

472 937 517 986 dio
535 938 639 987 urbium
651 938 841 990 desolatarum.
979 939 1057 990 Tunc
1072 940 1143 990 dabo
1160 939 1257 989 fluvios
1269 942 1370 990 aridam
1374 979 1461 1002 .....

472 1011 570 1088 terram
589 1003 615 1052 in
633 1017 744 1053 manum
762 1004 903 1064 malorum,
924 1007 1088 1069 vastaboque
1105 1013 1211 1054 terram'
1223 1016 1250 1056 et
1267 1005 1461 1069 plenitudinem

393 1068 861 1195 “obtzffm'isssgffidggrfflss
875 1135 973 1194 caelos,
987 1145 1014 1185 et
1030 1137 1125 1186 strabo
1140 1136 1233 1186 stellas
1245 1150 1358 1198 eorum:
1376 1138 1463 1188 solem

472 1199 542 1248 nube
551 1201 686 1262 obtegam,
697 1210 724 1249 et
736 1200 800 1250 luna
808 1215 864 1249 non
876 1199 964 1250 lucere
973 1201 1053 1250 faciet
1064 1201 1154 1250 lumen
1164 1215 1260 1262 suum,
1278 1239 1285 1252 .
1298 1239 1304 1253 .
1317 1239 1324 1254 .
1336 1240 1343 1254 .
1354 1212 1382 1253 et
1392 1205 1463 1253 dabo

472 1265 597 1314 tenebras
620 1279 701 1328 super
723 1275 821 1315 terram
824 1302 911 1324 .....
925 1279 986 1316 cum
1007 1267 1143 1316 adduxero
1166 1265 1378 1318 contuitionem
1398 1268 1462 1319 tni''

471 1327 572 1390 (Erech.
584 1331 666 1380 mii.
679 1331 753 1394 7-9);

342 1481 495 1546 similiter
518 1483 604 1546 sicut
628 1482 793 1547 Dominus
816 1483 987 1567 praedixit
1010 1483 1053 1549 de
1075 1485 1370 1549 consummatione
1392 1485 1456 1552 Ec·

342 1577 465 1640 clesiae
485 1576 696 1642 Christianae
713 1578 896 1642 hodiernae
917 1575 1056 1662 (Marti.
1073 1579 1169 1642 xxiv.
1186 1579 1253 1664 29).

392 1734 496 1784 “Dabo
517 1743 637 1784 montem
657 1735 715 1785 Seit
731 1735 759 1784 in
777 1736 930 1786 vastitatem
948 1745 976 1786 et
992 1735 1224 1796 devastationem:
1242 1739 1461 1789 ....vastltates

470 1801 636 1850 aeternitatis
647 1801 717 1850 dabo
729 1801 777 1850 te”
789 1801 891 1863 (Επεὶ.
903 1815 984 1852 xxxv.
995 1813 1019 1862 3,
1030 1815 1055 1862 4,
1068 1813 1092 1862 7,
1102 1817 1126 1865 ⁹·
1140 1815 1179 1861 ra,
1191 1814 1230 1864 14,
1243 1801 1300 1865 15);

393 1865 451 1914 “In
469 1867 512 1914 die
530 1867 575 1915 illo
593 1866 706 1915 eiierent
723 1881 803 1930 super
821 1881 870 1916 vos
888 1867 1068 1929 proverbium,
1088 1877 1193 1919 ....et
1209 1868 1306 1928 dicent,
1320 1867 1460 1920 Vastando

471 1932 568 1980 vastati
581 1947 673 1981 sumus
682 1931 697 1952 ''
709 1931 803 1995 (Mich.
815 1929 857 1982 iil¹l
866 1932 909 1993 4);

392 1995 555 2124 “Timornfit
571 1997 651 2046 lovea
667 1997 779 2060 contigit
796 1997 883 2056 nobis,
902 1997 1053 2048 devastatio
1070 2006 1098 2048 et
1114 1995 1287 2048 contradi&
1300 1997 1410 2061 (Threx.
1421 2000 1456 2051 iii.

391 2125 472 2177 Mons
485 2126 577 2176 Zionis
591 2129 737 2177 “vastatus
749 2137 790 2177 est
796 2125 811 2148 '¹
823 2127 933 2190 (Tim.
944 2142 970 2178 v.
984 2126 1040 2188 til:

391 2193 409 2216 ⁴¹
418 2192 613 2242 Consummata
624 2201 666 2242 est
678 2194 803 2256 iniquitas
816 2203 869 2252 tua,
881 2193 936 2242 lilia
947 2191 1061 2242 Zionls''
1069 2191 1180 2254 (Thea.
1191 2194 1226 2245 lv.
1239 2193 1297 2257 aa);

319 2313 326 2330 Ι
391 2257 474 2308 “Vae
496 2259 570 2321 genti
595 2259 742 2320 peccatrici,
767 2255 891 2324 [populo]
912 2260 989 2321 gravi
1012 2259 1168 2324 iniquitate;
1280 2271 1458 2323 provocarunt

470 2321 598 2374 Sanctum
610 2323 726 2374 Israelis.
863 2325 888 2373 Α
900 2325 962 2373 vola
974 2325 1050 2387 pedis
1059 2339 1143 2388 usque
1156 2325 1190 2374 ad
1202 2335 1281 2388 eaput
1293 2341 1348 2375 non
1361 2337 1403 2376 est
1419 2327 1459 2376 in·

469 2390 588 2451 tegritas.
726 2389 810 2439 Terra
821 2399 912 2440 vestra
923 2389 1056 2440 solitudo.
1069 2427 1075 2440 .
1088 2425 1094 2439 .
1107 2427 1113 2440 .
1127 2388 1231 2440 Relicta
1242 2401 1284 2441 est
1301 2391 1355 2440 filia
1366 2389 1458 2442 Zionis

469 2454 537 2504 sicut
554 2457 699 2504 tentorium
717 2455 745 2504 ln
762 2455 850 2514 vinea,
865 2491 872 2506 .
885 2491 892 2506 .
903 2491 911 2506 .
923 2491 930 2505 .
944 2455 1013 2505 sicut
1029 2456 1093 2506 urbs
1105 2457 1217 2506 obsessa
1226 2455 1240 2474 '⁹
1258 2455 1342 2520 (Esai.
1362 2457 1379 2508 i.
1398 2471 1455 2522 4-9.

470 2534 499 2568 ὅθ
519 2557 525 2570 ‹
548 2535 554 2579 i

390 2583 487 2650 “Quid
500 2519 607 2635 iailetis
624 2585 668 2636 die
685 2585 847 2635 visitationis
865 2595 891 2634 et
907 2584 1119 2637 devastationis?
1250 2585 1457 2638 Consummatiu

471 2659 513 2700 est
524 2651 641 2710 definita,
656 2651 785 2700 inundata
801 2661 844 2700 est
854 2650 973 2714 justitia;
990 2647 1080 2700 nami¹l
1092 2653 1355 2702 consummationem
1373 2663 1400 2702 et
1411 2654 1456 2703 de·

468 2716 597 2766 cisionem
611 2716 716 2766 Adonai
727 2715 843 2781 Jehovih
859 2715 960 2766 iaciens
978 2715 1006 2765 in
1025 2725 1081 2766 tota
1093 2715 1185 2766 terra”
1197 2715 1282 2779 (Esai.
1297 2733 1323 2768 x.
1335 2715 1376 2779 ιβ]
1388 2733 1453 2783 seq..

469 2791 536 2840 aaa
574 2795 580 2842 ;

388 2849 407 2872 '⁸
416 2781 684 2897 Consumitiationem
696 2855 723 2896 et
739 2847 903 2896 decisionem
915 2845 1005 2896 audivi
1021 2861 1040 2896 a
1053 2861 1114 2898 curn
1126 2846 1234 2896 Adonai
1246 2846 1361 2912 Jehovih
1374 2845 1455 2898 zeba·

468 2913 515 2961 oth
527 2927 607 2975 super
618 2913 770 2962 universam
784 2907 1021 2974 terraml⁸1''(Esas'.
1032 2912 1124 2962 xxviii.
1136 2911 1194 2974 aa);

388 2977 524 3041 Propheta
534 2979 627 3027 cecidit
639 2992 718 3040 super
730 2976 812 3026 iacies
830 2987 857 3026 et
868 2977 942 3034 dixit,
960 2977 1091 3027 “Adonai
1108 2975 1233 3042 Jehovih,
1247 2979 1455 3029 consummatio-

468 3057 530 3092 nem
543 3043 585 3092 Tu
596 3043 698 3092 iaciens
711 3042 828 3106 reliquiis
842 3041 949 3092 israelis
957 3041 972 3062 '⁹
983 3041 1084 3104 (Erech.
1097 3043 1131 3092 xi.
1144 3042 1200 3105 13);

388 3105 600 3158 “Saadiuarium
618 3123 707 3158 meum
725 3108 895 3172 profanatum
913 3117 963 3168 est,
977 3117 1004 3158 et
1021 3117 1092 3158 terra
1110 3107 1218 3158 Israelis
1233 3107 1374 3159 devastata
1389 3109 1454 3160 est''

386 3173 770 3318 Etiattilitiifhiitxtrigh,3)fianiel
782 3247 809 3288 et
828 3237 902 3288 iliob
915 3237 1014 3288 inerint
1028 3239 1046 3262 ‘⁴
1055 3238 1082 3287 ln
1095 3238 1185 3288 medio
1196 3237 1255 3301 eius
1258 3275 1342 3296 .....
1352 3239 1389 3289 illl
1401 3240 1452 3290 soli

416 3312 421 3318 ’
467 3305 621 3368 eripientur.
635 3314 707 3354 terra
718 3313 807 3354 autem
820 3303 865 3354 fiet
876 3304 1008 3353 desolatio
1016 3303 1030 3323 '¹
1042 3303 1145 3366 (Bacch.
1156 3303 1210 3354 xiv.
1224 3303 1273 3368 16).

337 3459 505 3524 Ultimum
528 3457 831 3522 consummationis
854 3455 1030 3521 Ecclesiae
1050 3455 1258 3521 Israeliticae
1281 3465 1317 3522 et
1337 3455 1451 3540 Judai·

336 3573 396 3618 cae
419 3549 591 3636 peractum
611 3561 664 3616 est
687 3551 823 3634 quando
843 3549 1009 3614 Dominus
1028 3560 1145 3614 noster
1167 3549 1335 3626 Salvator,
1355 3560 1450 3633 post·

335 3668 436 3731 quam
454 3649 588 3730 accepit
607 3647 786 3728 spongiam
805 3645 904 3720 aceti,
925 3665 1024 3727 super
1042 3664 1141 3708 cruce
1160 3643 1379 3722 exclamavit,

592 3809 610 3832 ‘¹
618 3805 841 3856 Consummatum
854 3815 896 3856 est
904 3803 918 3826 '¹
930 3803 1006 3871 (Jotl.
1016 3805 1069 3856 xix.
1082 3817 1122 3869 29,
1135 3804 1196 3868 sol:

334 3957 413 4002 nam
432 3936 554 4001 dicitur
572 3935 661 4019 apud
680 3935 860 4012 Davidem,

385 4087 402 4112 ¹⁸
411 4085 549 4136 Dederunt
560 4085 587 4134 in
600 4085 688 4134 cibum
700 4098 789 4134 meum
807 4083 851 4142 iel,
866 4091 892 4134 et
905 4083 932 4132 in
944 4083 988 4134 siti
1006 4097 1066 4133 mea
1078 4091 1206 4146 potamnt
1218 4081 1264 4132 Me
1275 4091 1368 4144 aceto:
1386 4119 1447 4134 ....

464 4152 499 4201 sit
510 4150 639 4200 habitatio
650 4163 744 4200 eorum
755 4149 897 4200 devastata
906 4147 920 4169 '⁸
932 4148 1042 4214 (Paulus.
1053 4149 1117 4199 lxix.
1129 4159 1169 4209 aa,
1182 4149 1214 4198 2⁶
1227 4147 1272 4214 [B.
1284 4151 1319 4199 Α.
1332 4161 1372 4208 21,
1383 4144 1446 4212 assi.

334 4265 381 4331 Et
400 4265 497 4330 alibi:

384 4402 401 4425 ‘⁴
411 4399 474 4452 Sine
486 4413 567 4450 causa
578 4397 745 4449 occultarunt
758 4397 826 4450 Mihi
838 4397 944 4448 loveam
957 4399 1030 4456 retis,
1042 4397 1101 4448 alne
1113 4411 1193 4447 causa
1205 4395 1331 4446 iodemnt
1342 4395 1447 4446 animae

463 4479 547 4516 meae.
588 4463 686 4514 Veniat
706 4465 731 4514 el
750 4463 909 4524 devastatio,
930 4472 1073 4527 antequam
1093 4463 1178 4522 sciat:
1203 4462 1305 4513 ....in
1325 4461 1446 4512 devasta-

464 4532 566 4580 tionem
586 4529 694 4580 incidst.
829 4529 920 4579 Reduc
942 4529 1061 4578 animam
1084 4541 1172 4578 meam
1196 4543 1213 4577 a
1234 4527 1445 4578 devastaton'bus

463 4610 566 4656 eorum,
580 4605 607 4646 et
623 4610 640 4644 a
656 4593 778 4658 juvencis
795 4595 903 4646 leonum
921 4595 1028 4644 unicam
1046 4591 1162 4652 meam,”
1174 4593 1225 4643 hoc
1241 4591 1444 4656 sanblasianum

462 4661 571 4723 (Psalm.
583 4675 664 4712 xxxv.
677 4671 699 4722 7,
712 4662 735 4720 8,
749 4661 789 4723 17)
800 4675 806 4720 ἰ
