3322 5298
688 725 740 778 us
762 723 1045 778 nunnumtona.
1381 725 1421 791 41

373 897 402 962 8.
434 895 520 960 Inde
536 895 692 978 estquod
708 895 752 959 ab
767 895 914 977 antiquis
927 891 1053 957 didtum
1066 893 1110 957 sit
1122 891 1213 976 quod
1229 911 1332 956 nemo
1343 912 1423 975 pos·

519 991 563 1054 sit
583 989 696 1052 videre
716 989 827 1052 Deum
847 998 882 1052 et
901 989 1035 1064 vivere;
1059 997 1094 1051 et
1113 1008 1133 1050 a
1152 987 1312 1062 Domino,
1332 985 1424 1069 quod

520 1099 621 1144 nemo
640 1080 762 1143 viderit
785 1079 933 1162 speciem
953 1079 1071 1154 Patris,
1092 1097 1153 1142 nec
1177 1077 1343 1142 audiverit
1362 1097 1423 1141 vo·

519 1193 594 1238 cem
614 1173 732 1256 Ipsius.

372 1285 402 1352 9.
433 1267 521 1331 Tum
548 1267 639 1350 quod
666 1266 759 1330 Deus
782 1266 928 1348 antiquis
954 1263 998 1330 Se
1024 1264 1216 1330 exhibuerit
1239 1265 1422 1328 videndum

519 1382 579 1444 per
596 1361 750 1444 angelos,
771 1361 804 1424 in
823 1361 930 1424 forma
952 1357 1112 1436 humana,
1132 1379 1218 1444 quae
1236 1358 1343 1423 forma
1362 1359 1424 1425 suit

520 1456 810 1538 repraesentativa
829 1454 893 1518 Dei
912 1456 1087 1519 incarnati.

356 1565 402 1614 10.
435 1547 535 1631 Quod
559 1550 669 1612 omnis
692 1549 846 1630 operatio
865 1547 929 1612 Dei
952 1546 1011 1612 fiat
1033 1569 1054 1611 a
1073 1549 1187 1630 primis
1205 1568 1264 1630 per
1283 1548 1422 1627 ultima;

519 1645 568 1707 ita
583 1664 604 1706 a
620 1643 744 1706 Divino
760 1663 821 1706 suo
837 1663 897 1726 per
913 1642 1107 1706 Humanum
1125 1663 1230 1706 suum.
1269 1642 1353 1706 Inde
1369 1652 1423 1706 est

519 1737 608 1820 quod
628 1737 721 1800 Deus
739 1737 784 1800 sit
805 1737 962 1802 “Primus
980 1747 1016 1800 et
1032 1736 1214 1813 Ultimus‚''
1232 1741 1251 1770 “
1267 1733 1334 1818 Qui
1349 1736 1421 1813 suit,

519 1831 574 1913 qui
593 1840 657 1905 est,
677 1839 713 1894 et
736 1830 791 1912 qui
809 1829 1000 1894 venturus.”

356 1939 402 1988 11.
434 1921 535 2006 Quod
551 1925 584 1986 in
602 1923 730 1988 ultimis
746 1924 810 1987 Dei
826 1924 894 1986 sint
911 1924 1025 1988 omnia
1041 1924 1164 1988 Divina
1182 1923 1301 2002 simul;
1325 1926 1373 1988 ita
1389 1925 1422 1988 in

520 2017 668 2080 Domino
681 2026 800 2081 nostro
810 2016 890 2098 jesu
906 2016 1054 2093 Christo,
1069 2020 1182 2082 omnia
1198 2019 1247 2082 sui
1264 2018 1383 2082 Patris.

356 2127 402 2174 12.
433 2111 490 2174 Ex
520 2113 571 2175 his
602 2113 753 2194 sequitur
778 2112 868 2194 quod
900 2111 1107 2194 Redemptio
1135 2112 1226 2176 haud
1255 2131 1423 2196 quaquam

520 2207 668 2288 potuerit
687 2205 774 2270 effici
793 2206 855 2268 nisi
873 2226 894 2268 a
913 2205 988 2269 Deo
1005 2207 1192 2270 incarnato

356 2315 402 2380 13.
433 2299 482 2364 Et
504 2301 595 2383 quod
614 2300 761 2364 salvatio
779 2320 841 2364 nec
862 2301 969 2382 possit
992 2301 1064 2364 dari
1087 2302 1149 2364 nisi
1171 2322 1192 2366 a
1216 2301 1290 2374 Deo
1312 2303 1423 2366 incar·

520 2406 613 2468 nato.
634 2396 681 2458 ita
701 2415 768 2458 non
785 2396 847 2458 nisi
866 2415 966 2477 quam
985 2415 1006 2458 a
1025 2394 1174 2460 Domino
1190 2395 1423 2479 Redemptore

519 2499 554 2552 et
582 2488 782 2568 Salvatore;
813 2509 899 2572 quae
921 2489 1067 2553 salvatio
1089 2499 1142 2554 est
1166 2500 1330 2573 perpetua
1353 2489 1423 2554 Re·

519 2582 681 2665 demptio.

355 2691 400 2754 14.
433 2675 517 2739 Inde
540 2685 594 2740 est
616 2675 707 2758 quod
730 2675 870 2760 illisqui
890 2677 1034 2741 credunt
1053 2679 1086 2740 in
1106 2677 1288 2742 Dominum
1307 2677 1422 2760 Jesum

519 2769 690 2834 Christum
710 2772 753 2834 sit
769 2773 841 2834 vita
857 2781 1017 2850 aeterna;
1036 2782 1071 2836 et
1088 2773 1179 2855 quod
1197 2771 1335 2856 illisqui
1354 2793 1422 2837 non

518 2865 661 2929 credunt
681 2867 714 2928 in
735 2866 861 2948 Ipsum,
880 2886 947 2929 non
967 2868 1011 2930 sit
1030 2866 1087 2930 illa
1106 2862 1204 2930 vita*

367 3077 384 3114 ⁸¹
402 3079 630 3140 [Assorinonss
640 3083 812 3143 euergisilus
821 3083 939 3137 cottana,
948 3097 1009 3143 quae
1017 3083 1069 3130 siu
1078 3083 1148 3130 dudio
1158 3084 1193 3130 ad
1201 3085 1279 3145 caps'ta
1290 3081 1347 3130 usos
1351 3091 1424 3144 prae·

308 3147 412 3194 cedema
419 3148 676 3208 pertinent:-]Quod
685 3149 738 3208 ipsa
746 3150 890 3208 Redemptio
900 3151 969 3197 tuerit
976 3151 1112 3210 subjugatio
1121 3153 1265 3198 infernorum
1274 3159 1298 3198 et
1305 3152 1424 3200 ordinatio

307 3215 436 3270 caelorum,
448 3223 472 3262 et
484 3215 517 3262 sie
527 3217 677 3274 praeparatio
687 3217 719 3262 ad
729 3229 818 3264 novam
828 3217 952 3264 occisum
963 3218 1115 3276 spiritualem.

380 3281 453 3340 Quod
462 3283 552 3340 absque
562 3283 602 3328 illa
611 3283 786 3344 Redemptioue
796 3285 876 3331 nulius
886 3284 960 3331 homo
969 3286 1054 3332 saivari
1064 3286 1175 3344 potuerit,
1183 3299 1228 3333 neo
1237 3287 1316 3346 augeli
1326 3287 1351 3334 in
1360 3293 1424 3335 statu

307 3361 365 3396 suae
375 3349 491 3396 felicitatis
501 3351 634 3398 subsistere.

379 3417 454 3536 9311&
466 3417 585 3463 Dominus
597 3430 646 3463 uon
658 3417 733 3464 modo
744 3417 853 3465 homines
864 3419 908 3464 sed
919 3419 991 3465 ettam
1001 3419 1100 3480 angelos
1110 3421 1243 3468 redemedt.
1280 3421 1301 3483 [(
1309 3421 1426 3470 Videatur

307 3489 360 3536 αφ.
369 3489 400 3524 vt.

380 3545 453 3602 Quod
465 3545 608 3604 Redemptio
618 3545 689 3592 t'uerit
698 3558 759 3604 opus
769 3559 830 3605 pure
840 3546 963 3594 Divinum.

380 3611 453 3732 ῼὶιιῆᾱ
463 3612 523 3659 haee
530 3613 674 3672 Redemptio
681 3625 731 3660 uon
739 3613 789 3660 fieri
797 3615 901 3674 potuerit
907 3615 951 3661 nisi
957 3627 1001 3674 per
1008 3615 1088 3662 Deum
1096 3615 1252 3664 ineamamnt.
1280 3616 1301 3678 [(
1309 3617 1426 3666 Videatur

307 3685 360 3732 esp.
367 3685 390 3717 vr
408 3705 414 3719 .

379 3739 454 3797 Quod
467 3739 547 3798 passio
561 3739 637 3786 erucis
653 3739 722 3786 tuerit
736 3741 821 3788 ultima
832 3741 938 3796 tentatio.
950 3755 1024 3801 quam
1039 3749 1067 3789 ut
1086 3743 1208 3790 Maximus
1224 3745 1344 3804 Propheta
1354 3746 1424 3792 susti·

305 3803 366 3860 uuit,
377 3813 401 3852 et
410 3819 454 3865 per
462 3819 536 3864 quam
546 3807 617 3852 etiam
628 3821 683 3854 vere
694 3805 854 3868 [¹lsubjugavit
864 3809 963 3863 interna,
974 3816 998 3856 et
1009 3808 1174 3870 taigtortneavit
1186 3811 1328 3859 Humanum
1337 3826 1422 3869 sutum

306 3873 341 3920 do
350 3873 496 3932 quodiuerit
506 3874 612 3920 medium
624 3875 811 3934 Redemptionls‚
821 3877 864 3922 sed
874 3890 924 3923 non
937 3877 1088 3937 Redemptio.

379 3941 453 4000 Quod
461 3941 540 4000 passio
550 3943 627 3988 mucis
637 3942 706 3988 tuerit
716 3943 768 4001 ipsa
779 3943 930 4003 Redemptio,
940 3944 969 3990 sit
979 3945 1163 3992 iirndamentalls
1173 3959 1238 3992 error
1247 3947 1369 3996 eodesiae.

379 4007 452 4066 Quod
462 4007 502 4054 iiie
509 4021 581 4063 error,
589 4023 639 4056 uua
646 4021 700 4056 cum
709 4023 788 4056 errore
796 4012 827 4057 de
835 4012 910 4058 tribus
919 4013 1028 4059 Persouis
1035 4013 1127 4060 Divinis
1134 4013 1166 4060 ab
1172 4021 1278 4068 aeterno,
1286 4015 1423 4075 pervertent

306 4081 382 4123 totam
391 4075 523 4130 ecelesiam.
533 4077 596 4123 adeo
606 4083 692 4124 utnon
702 4077 801 4136 aliquod
811 4079 933 4126 reddunto
943 4079 1063 4139 spirituale
1073 4081 1124 4140 ejus
1133 4081 1241 4140 supersit.

434 4147 626 4207 (Enumerantur
633 4161 728 4195 emm
737 4163 768 4195 ex
778 4149 947 4210 Redemptione
956 4151 1079 4206 hodierna.
1090 4151 1155 4212 qaod
1161 4153 1196 4200 sit
1199 4153 1281 4212 passio
1291 4150 1388 4213 mois.)

379 4255 453 4313 Quod
462 4256 521 4303 laisa
530 4256 585 4303 fidei
597 4255 672 4304 ltluon
682 4259 795 4318 conjungi
805 4265 897 4318 ponat
907 4273 962 4307 eum
973 4261 1039 4307 bono
1049 4261 1176 4309 charitatis.

380 4323 419 4370 De
428 4324 566 4372 suoaoesivls
575 4325 620 4371 illis
631 4325 751 4386 [statibus]
763 4327 886 4387 praediola
895 4329 962 4387 apud
973 4329 1101 4376 Danielem
1111 4336 1135 4375 et
1144 4329 1283 4390 Prophetas.

379 4389 418 4438 De
428 4389 523 4440 mesto
533 4392 633 4453 (uasta
644 4393 727 4454 nin).
827 4407 830 4412 ·
