3338 5300
340 713 473 766 novun
496 714 651 766 cnsnun
675 713 723 764 ar
745 713 880 766 novun
902 715 1193 767 mesanum-u.
1214 701 1260 766 16.
1319 717 1358 784 25

238 897 274 952 et
292 887 381 969 apud
399 885 564 950 Petrum:

289 1048 306 1070 '⁶
315 1045 408 1095 Novos
421 1045 509 1094 caelos
522 1053 549 1094 et
560 1058 659 1094 novam
673 1053 771 1094 terram
783 1043 860 1106 juxta
871 1044 1078 1108 promissionem
1106 1039 1207 1110 Ipsius]
1220 1041 1359 1108 exspecta·

367 1125 436 1170 mus,
451 1111 478 1160 in
491 1112 586 1176 quibus
597 1110 701 1173 justitia
711 1111 843 1160 habitabit
850 1109 864 1131 ''
876 1110 902 1171 (2
913 1109 998 1174 Epist.
1013 1109 1050 1160 iil.
1064 1121 1113 1170 13.

239 1263 414 1330 Hactenus
434 1284 501 1327 non
521 1263 619 1326 aliter
642 1263 675 1326 in
694 1263 833 1345 alicujus
851 1273 1003 1326 mentem
1022 1263 1127 1338 venit,
1146 1281 1248 1348 quam
1267 1264 1357 1346 quod

237 1381 296 1445 per
316 1358 499 1424 “caelum”
517 1359 562 1422 ibi
584 1357 797 1440 intelligatur
815 1357 946 1421 caelum
965 1355 1184 1440 aspectabile,
1204 1357 1268 1421 hoc
1292 1370 1356 1432 est,

236 1464 348 1520 toturn
371 1453 632 1528 firmamentum,
655 1472 732 1516 curn
755 1451 838 1528 sole,
862 1452 952 1528 luna,
975 1453 1095 1530 astris3
1127 1461 1163 1518 et
1186 1452 1276 1534 quod
1300 1473 1359 1534 per

236 1645 327 1728 quod
343 1643 427 1707 haec
441 1643 496 1706 die
508 1642 630 1707 Ultimi
644 1642 764 1724 Judicii
779 1643 956 1706 interitura
968 1643 1055 1706 sint:
1080 1661 1157 1706 curn
1169 1651 1285 1705 tamen
1298 1661 1358 1723 per

237 1737 421 1803 “caelum”
443 1737 487 1802 ibi
510 1736 711 1818 intelligitur
732 1736 863 1801 caelum
886 1736 1088 1818 angelicum,
1112 1745 1148 1800 et
1175 1757 1234 1819 per
1258 1741 1356 1798 “ter-

236 1831 331 1898 ram'’
350 1831 514 1896 Ecclesia.
560 1830 659 1913 Quod
683 1851 742 1914 per
762 1832 941 1895 “terram’'
960 1833 993 1895 in
1012 1831 1130 1896 Verbo
1153 1831 1356 1913 Prophetico

237 1925 343 1989 ubivis
373 1925 584 2006 intelligatur
615 1925 781 2000 Ecclesia,
812 1928 845 1989 in
875 1925 1084 2008 Apocalypsi
1112 1925 1273 1990 Revelato
1308 1925 1355 2008 (n.

236 2017 313 2102 285)
333 2017 433 2101 plene
449 2029 623 2082 ostensum
642 2029 705 2083 est.
750 2019 861 2084 Causa
879 2022 969 2104 quod
988 2041 1047 2103 per
1063 2027 1084 2054 ⁴⁴
1093 2020 1206 2084 caelos
1218 2041 1332 2085 novos
1341 2021 1357 2046 ”

235 2123 271 2182 et
303 2119 462 2178 “terram
495 2133 618 2177 novam
631 2113 646 2138 ”
676 2111 839 2179 hactenus
872 2115 1105 2180 intellexerint
1138 2115 1269 2180 caelum
1301 2137 1356 2180 as·

236 2206 404 2292 pedtabile
433 2219 469 2272 et
498 2218 624 2272 terram
653 2209 885 2286 habitabilem,
913 2221 966 2274 est
992 2212 1070 2294 quia
1095 2209 1259 2274 hactenus
1286 2231 1355 2276 non

236 2303 395 2368 sciverint
425 2303 549 2386 aliquid
582 2304 625 2366 de
656 2304 782 2368 mundo
812 2305 986 2387 spirituali,
1017 2307 1065 2370 ita
1094 2325 1156 2369 nec
1187 2307 1230 2370 de
1260 2305 1356 2370 caelo

235 2398 402 2481 angelico,
423 2419 484 2462 nec
505 2397 630 2480 aliquid
649 2399 692 2462 de
710 2419 810 2462 sensu
833 2399 1045 2482 prophetico,
1064 2401 1120 2483 qui
1143 2401 1176 2464 in
1199 2401 1271 2463 sinu
1295 2421 1356 2465 suo

237 2513 305 2556 non
324 2493 386 2556 nisi
408 2511 509 2576 quam
532 2492 716 2574 spiritualia
733 2503 848 2576 gestat
871 2503 906 2558 et
929 2496 1101 2572 recondit;
1124 2513 1164 2559 ac
1183 2495 1355 2576 spirituale

237 2595 378 2652 “terrae
388 2587 403 2612 ’'
434 2597 487 2651 est
519 2586 684 2650 Ecclesia.
751 2587 880 2670 Angeli
912 2590 1027 2664 etiam,
1058 2589 1135 2672 quia
1165 2589 1355 2670 spirituales

237 2693 326 2758 sunt,
345 2701 422 2747 cum
441 2681 631 2764 despiciunt
654 2683 688 2744 in
711 2693 847 2760 terram,
868 2703 911 2747 ne
930 2683 1035 2747 hilum
1057 2683 1127 2765 ejus
1145 2683 1274 2758 vident,
1294 2685 1354 2748 sed

238 2778 340 2842 modo
359 2775 551 2840 Ecclesiam
570 2777 658 2858 apud
677 2777 841 2841 homines.

299 2888 366 2958 15.
396 2871 497 2952 Quod
514 2871 679 2934 Dominus
690 2870 845 2952 Jehovih‚
859 2891 935 2935 curn
952 2873 1068 2936 condit
1085 2871 1214 2936 caelum
1230 2891 1355 2934 novum

237 2977 272 3032 et
296 2966 486 3030 Ecclesiam
505 2985 639 3040 novam,
661 2965 756 3029 indat
779 2967 932 3030 ordinem
956 2976 993 3030 ut
1016 2976 1109 3029 stent
1132 2965 1194 3029 sub
1213 2985 1273 3028 suo
1296 2987 1354 3029 au·

237 3061 342 3143 spicio
371 3069 406 3122 et
436 3079 497 3122 sua
526 3059 719 3123 obedientia
751 3061 784 3122 in
817 3071 1003 3137 aeternum,
1034 3071 1088 3124 est
1118 3062 1195 3143 quia
1223 3060 1354 3124 caelum

237 3155 426 3237 angelicum
445 3163 481 3218 et
501 3153 655 3218 Ecclesia
673 3156 706 3217 in
726 3157 823 3219 terris
841 3155 966 3220 faciunt
985 3155 1082 3219 simul
1104 3175 1206 3218 unum
1222 3174 1354 3237 corpus,

238 3247 328 3331 cujus
351 3247 478 3312 Anima
504 3259 539 3312 et
562 3247 645 3312 Vita
668 3259 721 3313 est
749 3249 914 3314 Dominus
934 3250 1090 3333 Jehovih,
1120 3251 1175 3332 qui
1201 3259 1255 3312 est
1283 3249 1355 3314 Do·

237 3345 345 3407 minus
364 3351 480 3406 noster
496 3341 662 3406 Salvator.
707 3343 910 3408 Universum
929 3345 1060 3408 caelum
1079 3345 1270 3426 angelicum
1290 3365 1356 3408 una

237 3457 313 3502 curn
342 3436 498 3501 Ecclesia
527 3439 630 3500 etiarn
660 3457 774 3501 coram
805 3438 953 3503 Domino
982 3449 1124 3522 apparet
1153 3441 1240 3503 sicut
1270 3459 1355 3502 unus

237 3532 361 3610 homo;
399 3541 435 3596 et
468 3531 571 3596 homo
601 3541 671 3596 stat
704 3533 766 3596 sub
798 3535 948 3616 auspicio
980 3543 1016 3598 et
1049 3535 1243 3598 obedientia
1275 3555 1355 3598 suae

237 3628 390 3702 animae;
413 3627 461 3690 ita
479 3636 590 3690 totum
609 3626 740 3691 caelum
764 3647 830 3690 una
852 3647 927 3692 cum
951 3627 1106 3692 Ecclesia
1126 3629 1189 3692 sub
1207 3630 1355 3711 auspicio

238 3731 273 3786 et
291 3721 486 3786 obedientia
505 3721 652 3796 Domini,
672 3731 725 3785 est
744 3723 834 3786 enim

288 3877 420 4004 ὓοωίἑιέω
421 3893 463 4006 ²13)
470 3877 522 3928 illis
534 3887 561 3928 et
573 3877 610 3928 illi
623 3878 650 3928 in
665 3877 783 3928 Domino
793 3879 868 3944 (Joh.
879 3880 933 3932 xiv.
945 3893 993 3941 ao;
1010 3895 1068 3944 cap.
1080 3897 1123 3932 xv.
1134 3895 1159 3942 4,
1172 3894 1202 3944 5;
1220 3897 1278 3946 cap.
1290 3883 1353 3930 xvii.

237 4091 287 4156 ita
308 4085 444 4155 omnis¹¹¹
466 4089 500 4153 in
523 4089 679 4154 omnibus
701 4089 755 4152 ibi.
810 4086 904 4152 Ordo
927 4097 1042 4150 autem
1066 4105 1166 4168 quern
1190 4084 1355 4148 Dominus

237 4185 366 4249 inducit
388 4183 528 4260 inferno,
550 4193 603 4248 est
626 4193 663 4247 ut
686 4179 799 4246 cunb'ti
821 4183 866 4246 ibi
888 4203 907 4246 e
929 4182 1097 4246 diametro
1119 4179 1266 4262 oppositi
1287 4179 1355 4242 sint

237 4277 366 4344 cunctis
384 4279 417 4342 in
434 4278 548 4343 caelo:
573 4277 662 4341 unde
677 4287 774 4360 patet
790 4276 881 4360 quod
896 4277 974 4358 quia
993 4274 1158 4338 Dominus
1173 4273 1262 4355 regit
1278 4293 1355 4336 cae·

237 4373 306 4437 lum
324 4374 427 4438 etiam
445 4381 542 4455 regat
561 4372 736 4448 infernum,
756 4380 791 4436 et
810 4371 900 4454 quod
920 4371 984 4434 hoc
1004 4390 1063 4451 per
1080 4367 1172 4432 illud.

301 4467 370 4532 16.
400 4467 579 4531 Praeterea
604 4475 658 4530 est
684 4463 926 4548 perfectissima
951 4463 1120 4527 ordinatio
1145 4461 1294 4526 omnium
1322 4461 1355 4524 in

238 4561 341 4626 caelis
369 4572 405 4626 et
435 4562 585 4625 omniurn
618 4561 651 4624 in
684 4559 831 4624 infernis.
890 4557 1077 4640 Quodlibet
1106 4557 1195 4620 enim
1225 4554 1356 4618 caelum

238 4656 330 4740 quod
352 4677 373 4720 a
396 4655 546 4721 Domino
568 4665 647 4738 post
666 4653 994 4720 consummationem
1015 4649 1159 4734 cujusvis
1182 4648 1357 4714 Ecclesiae
