3352 5298
397 701 446 752 nr
469 702 553 770 aJus
576 702 1073 758 DOCTRINACAELEST1.-N.
1097 709 1165 777 ¹²7·
1301 697 1339 761 81

220 873 396 938 hominem
412 893 481 938 non
497 873 653 941 santium
668 885 735 954 est,
752 877 815 941 nisi
833 877 1004 942 internum
1022 877 1092 960 ejus
1109 876 1265 944 sandium
1285 879 1341 954 sit,

222 985 300 1031 nam
314 968 424 1051 qualis
436 969 541 1034 homo
553 970 664 1054 quoad
681 972 851 1036 internum
868 992 965 1036 suum
981 983 1046 1048 est,
1061 973 1140 1037 talis
1156 983 1211 1038 est
1228 975 1342 1057 quoad

221 1071 415 1140 externum,
433 1063 499 1128 hoc
518 1065 780 1152 enimprocedit
796 1066 840 1130 ab
858 1066 918 1130 illo
937 1068 1024 1132 sicut
1045 1064 1134 1131 adtio
1153 1087 1173 1131 a
1192 1089 1253 1132 suo
1272 1069 1342 1151 spi·

220 1157 311 1235 ritu3
333 1177 439 1240 quare
457 1155 613 1222 sanetum
632 1167 816 1224 externum
836 1161 964 1244 absque
984 1157 1104 1226 santio
1126 1163 1264 1227 interno
1287 1173 1342 1228 est

221 1251 378 1316 naturale
407 1261 444 1317 et
472 1272 541 1317 non
573 1253 758 1336 spirituale.
812 1255 897 1319 Inde
920 1265 973 1320 est
997 1257 1088 1339 quod
1111 1257 1212 1320 detur
1235 1277 1343 1340 aeque

221 1346 311 1428 apud
331 1345 442 1410 malos
461 1366 502 1411 ac
521 1349 612 1430 apud
631 1349 762 1427 bonos3
787 1357 822 1414 et
842 1349 891 1413 illi
910 1351 966 1432 qui
989 1352 1023 1414 in
1046 1371 1088 1414 eo
1111 1369 1246 1416 omnem
1270 1351 1342 1416 cul-

221 1450 295 1504 tum
304 1451 458 1523 ponunt,
471 1452 551 1506 sunt
564 1442 785 1525 utplurimum
797 1443 906 1520 vacui,
920 1443 985 1508 hoc
999 1455 1063 1520 est,
1078 1446 1206 1528 absque
1222 1447 1342 1528 cogni-

221 1535 372 1598 tionibus
402 1535 483 1600 boni
516 1545 552 1601 et
582 1537 664 1614 veri,
688 1547 725 1602 et
749 1547 867 1602 tamen
890 1539 981 1602 bona
1004 1547 1039 1602 et
1063 1557 1144 1602 vera
1166 1549 1246 1602 sunt
1269 1541 1344 1624 ipsa

223 1626 354 1706 sandia,
378 1649 466 1712 quae
489 1631 641 1708 scienda,
666 1631 847 1707 credenda,
871 1642 908 1696 et
930 1633 1088 1708 amanda,
1113 1633 1190 1716 quia
1212 1643 1292 1698 sunt
1323 1653 1343 1698 a

223 1721 360 1797 Divino,
379 1733 416 1787 et
435 1725 483 1788 sic
503 1723 663 1788 Divinum
682 1726 716 1787 in
736 1725 812 1788 illis.
857 1723 1019 1789 Sanctum
1035 1726 1150 1808 itaque
1165 1727 1339 1790 internum

224 1827 413 1880 catamare
432 1817 559 1882 bonum
583 1829 618 1882 et
637 1839 754 1882 verum
778 1829 918 1902 propter
940 1819 1067 1884 bonum
1090 1831 1126 1884 et
1148 1841 1277 1896 verum,
1297 1840 1338 1885 ac

222 1910 351 1994 justum
369 1923 405 1978 et
423 1915 590 1978 sincerum
610 1923 750 1996 propter
762 1913 890 1997 justum
910 1924 945 1978 et
965 1917 1152 1993 sincerum;
1176 1925 1342 1998 quantum

225 2008 330 2071 homo
345 2007 430 2072 haec
449 2008 498 2070 ita
513 2017 618 2083 amat,
632 2017 766 2072 tantum
786 2017 840 2072 est
856 2009 1050 2090 spiritualis,
1065 2019 1099 2073 et
1119 2030 1252 2092 quoque
1270 2009 1342 2091 ejus

225 2101 349 2176 cultus,
369 2121 449 2165 nam
475 2111 611 2165 tantum
638 2103 743 2166 etiam
769 2101 843 2166 vult
870 2103 955 2166 scire
981 2102 1041 2165 illa
1067 2114 1102 2166 et
1129 2103 1239 2167 iacere
1262 2103 1340 2182 illa;

225 2207 261 2260 at
280 2205 444 2279 quantum
464 2197 568 2259 homo
586 2195 645 2260 illa
663 2216 731 2260 non
749 2197 799 2260 ita
817 2205 923 2271 amat,
937 2207 1072 2260 tantum
1092 2207 1144 2260 est
1165 2195 1340 2272 naturalis,

225 2301 261 2356 et
284 2311 417 2374 quoque
440 2290 511 2373 ejus
533 2291 655 2367 cultuS,
679 2301 715 2356 et
738 2312 873 2374 quoque
897 2300 1032 2354 tantum
1064 2311 1132 2354 non
1155 2292 1228 2355 vult
1255 2293 1342 2356 scire

225 2387 284 2450 illa
302 2395 338 2451 et
357 2386 467 2450 lacere
485 2385 552 2450 illa.
568 2401 570 2408 ⁴
598 2385 794 2468 Comparari
814 2396 929 2468 potest
950 2386 1062 2450 cultus
1081 2397 1244 2452 externus
1261 2387 1341 2450 abs·

225 2501 290 2563 que
312 2481 448 2544 interno
470 2500 547 2544 cum
568 2482 639 2544 vita
661 2481 892 2562 respirationis
915 2481 1051 2562 absque·
1066 2481 1136 2544 vita
1159 2481 1280 2553 cordis,
1304 2490 1341 2544 at

225 2575 337 2639 cultus
367 2585 531 2639 externus
561 2595 606 2638 ex
633 2575 769 2638 interno
796 2593 873 2639 cum
900 2575 972 2638 vita
998 2575 1228 2658 respirationis
1258 2593 1340 2637 con·

222 2667 339 2752 jundta
354 2671 445 2735 vitae
463 2671 584 2736 cordis.

285 2767 379 2831 126·
408 2765 510 2847 Quod
532 2775 648 2828 autem
671 2764 926 2828 abdicationem
949 2764 1066 2826 mundi
1088 2765 1236 2827 attinet:
1266 2782 1341 2826 cre·

226 2857 316 2922 ditur
331 2877 352 2922 a
369 2858 486 2922 multis
504 2857 595 2940 quod
615 2857 772 2920 abdicare
791 2856 964 2930 mundum,
982 2875 1021 2919 ac
1038 2857 1151 2920 vivere
1170 2855 1288 2937 spiritu
1306 2863 1343 2918 et

226 2972 294 3016 non
313 2973 426 3028 carne,
443 2953 487 3016 sit
506 2951 643 3032 rejicere
659 2951 841 3024 mundana,
857 2970 944 3032 quae
963 2960 1041 3012 sunt
1061 2950 1238 3033 praecipue
1257 2949 1341 3011 divi·

226 3048 295 3111 tiae
321 3055 356 3111 et
383 3047 542 3122 honores,
566 3065 605 3109 ac
636 3045 684 3108 ire
711 3045 872 3108 continue
902 3045 936 3106 in
966 3045 1021 3126 pia
1048 3043 1272 3107 meditatione
1300 3041 1343 3106 de

226 3139 312 3216 Deo,
340 3142 384 3205 de
410 3139 531 3216 salute,
559 3149 595 3204 et
625 3139 668 3202 de
698 3139 770 3202 vita
796 3148 947 3212 aeterna,
975 3158 1014 3200 ac
1044 3139 1150 3202 vitam
1177 3157 1280 3218 agere
1309 3137 1343 3198 in

226 3235 391 3317 precibus,
409 3235 442 3297 in
466 3231 613 3298 lectione
625 3233 731 3296 Verbi
749 3251 788 3296 ac
812 3233 942 3314 piorum
966 3231 1137 3304 librorum,
1155 3237 1190 3294 et
1209 3251 1343 3313 quoque

226 3328 377 3412 affligere
395 3348 450 3392 se:
476 3327 536 3392 sed
555 3327 639 3391 haec
660 3347 728 3390 non
744 3337 824 3389 sunt
844 3326 1002 3389 abdicare
1019 3325 1202 3402 mundum;
1226 3343 1343 3387 verum

227 3425 385 3508 abdicare
403 3423 567 3488 mundum
585 3433 639 3487 est
658 3441 772 3486 amare
798 3421 909 3484 Deum
931 3430 967 3492 et
990 3439 1104 3484 amare
1127 3420 1342 3502 proximum3

227 3529 263 3582 et
288 3527 422 3582 amatur
445 3517 539 3580 Deus
561 3535 638 3580 cum
661 3517 785 3578 vivitur
807 3514 992 3578 secundum
1015 3523 1200 3596 praecepta
1224 3511 1342 3594 Ipsius,

227 3623 263 3676 et
287 3621 421 3676 amatur
441 3611 617 3694 proximus
639 3629 717 3674 cum
740 3610 845 3673 homo
869 3629 948 3671 usus
972 3617 1146 3690 praestat;
1180 3627 1282 3690 quare
1307 3615 1344 3670 ut

228 3707 332 3772 homo
347 3707 454 3770 vitam
477 3705 563 3770 caeli
586 3705 737 3788 recipiat,
755 3705 895 3768 omnino
917 3703 1011 3766 vivet
1033 3703 1067 3765 in
1091 3701 1231 3776 mundo,
1247 3719 1287 3764 ac
1310 3701 1345 3763 in

226 3801 346 3866 officiis
364 3811 400 3865 et
416 3801 564 3884 negotiis
583 3801 638 3864 ibi.
682 3798 767 3863 Vita
782 3795 956 3862 abstracta
972 3817 992 3860 a
1009 3797 1188 3860 mundanis
1204 3806 1257 3859 est
1274 3796 1346 3860 vita

228 3897 448 3980 cogitationis
471 3903 508 3958 et
531 3893 608 3957 fidei
627 3901 807 3976 separatae
826 3913 846 3955 a
863 3893 936 3955 vita
952 3892 1077 3954 amoris
1096 3901 1132 3954 et
1155 3889 1344 3965 charitatis,

228 3993 263 4056 in
284 4011 353 4074 qua
373 3991 444 4054 vita
463 3990 550 4072 perit
572 3987 662 4052 velle
681 3987 807 4050 bonum
830 3995 867 4050 et
890 3986 1000 4050 iacere
1019 3986 1145 4048 bonum
1169 3985 1345 4066 proxim0;

229 4095 265 4149 et
288 4105 365 4148 cum
388 4083 454 4147 hoc
478 4083 576 4166 perit,
596 4091 649 4146 est
672 4082 744 4146 vita
766 4079 950 4163 spiritualis
969 4081 1057 4142 sicut
1076 4079 1197 4142 domus
1219 4079 1347 4159 absque

229 4179 461 4252 fundamento,
482 4197 567 4259 quae
586 4175 776 4239 successive
796 4173 850 4237 vel
870 4173 1038 4247 subsidet,
1058 4171 1113 4236 vel
1132 4173 1233 4235 rimas
1252 4171 1347 4236 ducit

230 4282 266 4338 et
284 4272 368 4347 hiat,
382 4270 437 4334 vel
456 4279 556 4334 nutat
575 4289 679 4351 usque
698 4268 779 4332 dum
797 4265 969 4332 dilabitur.

289 4381 376 4451 ιη.
405 4367 508 4448 Quod
525 4366 636 4431 iacere
651 4365 779 4429 bonum
798 4365 842 4428 sit
860 4363 975 4427 colere
991 4362 1190 4438 Dominum,
1207 4371 1347 4426 constat

231 4481 252 4524 a
270 4460 407 4526 Domini
426 4459 548 4536 verbis,

281 4592 410 4644 ”omis
421 4593 477 4656 ‚qni
489 4592 563 4644 audit
573 4592 656 4641 verbe
666 4605 738 4640 mea.
749 4599 787 4641 .et
798 4589 861 4640 iacit
873 4603 912 4647 ea,
924 4589 1080 4638 assimilabo
1090 4587 1148 4637 viro
1161 4587 1292 4649 prudenti,
1302 4587 1348 4649 qui

359 4658 509 4708 aedificavit
522 4658 633 4707 domum
647 4671 727 4720 super
740 4665 843 4720 petras
854 4691 860 4706 .
870 4691 876 4706 .
886 4663 936 4705 at.
947 4655 1003 4718 .qui
1019 4653 1095 4703 audit
1108 4653 1191 4702 verba
1204 4666 1276 4702 mea.
1286 4687 1305 4710 .,
1320 4659 1349 4701 et
