<?xml version="1.0" encoding="UTF-8"?>
<!DOCTYPE html PUBLIC "-//W3C//DTD XHTML 1.0 Transitional//EN"
    "http://www.w3.org/TR/xhtml1/DTD/xhtml1-transitional.dtd">
<html xmlns="http://www.w3.org/1999/xhtml" xml:lang="en" lang="en">
 <head>
  <title>
</title>
<meta http-equiv="Content-Type" content="text/html;charset=utf-8" />
  <meta name='ocr-system' content='tesseract 3.04.00' />
  <meta name='ocr-capabilities' content='ocr_page ocr_carea ocr_par ocr_line ocrx_word'/>
</head>
<body>
  <div class='ocr_page' id='page_1' title='image "./denovahierosoly00swedgoog_0121.png"; bbox 0 0 3288 5294; ppageno 0'>
   <div class='ocr_carea' id='block_1_1' title="bbox 597 657 1072 715">
    <p class='ocr_par' dir='ltr' id='par_1_1' title="bbox 597 657 1072 715">
     <span class='ocr_line' id='line_1_1' title="bbox 597 657 1072 715; baseline 0 -3"><span class='ocrx_word' id='word_1_1' title='bbox 597 659 649 712; x_wconf 88' lang='lat' dir='ltr'>DE</span> <span class='ocrx_word' id='word_1_2' title='bbox 671 657 776 713; x_wconf 69' lang='lat' dir='ltr'>Nova</span> <span class='ocrx_word' id='word_1_3' title='bbox 799 657 1072 715; x_wconf 79' lang='lat' dir='ltr'>HIEROSOLYMA</span> 
     </span>
    </p>
   </div>
   <div class='ocr_carea' id='block_1_2' title="bbox 786 1171 891 1260">
    <p class='ocr_par' dir='ltr' id='par_1_2' title="bbox 786 1171 891 1260">
     <span class='ocr_line' id='line_1_2' title="bbox 786 1171 891 1260; baseline -0.01 -21"><span class='ocrx_word' id='word_1_4' title='bbox 786 1171 891 1260; x_wconf 75' lang='lat' dir='ltr'>[mu]</span> 
     </span>
    </p>
   </div>
   <div class='ocr_carea' id='block_1_3' title="bbox 611 1423 1073 1528">
    <p class='ocr_par' dir='ltr' id='par_1_3' title="bbox 611 1423 1073 1528">
     <span class='ocr_line' id='line_1_3' title="bbox 611 1423 1073 1528; baseline -0.002 -27"><span class='ocrx_word' id='word_1_5' title='bbox 611 1423 1073 1528; x_wconf 71' lang='lat' dir='ltr'>narnurAnoNa</span> 
     </span>
    </p>
   </div>
   <div class='ocr_carea' id='block_1_4' title="bbox 773 1667 901 1685">
    <p class='ocr_par' dir='ltr' id='par_1_4' title="bbox 773 1667 901 1685">
     <span class='ocr_line' id='line_1_4' title="bbox 773 1667 901 1685; baseline -0.016 -3"><span class='ocrx_word' id='word_1_6' title='bbox 773 1667 901 1685; x_wconf 46' lang='grc' dir='ltr'><strong>ῃ</strong></span> 
     </span>
    </p>
   </div>
   <div class='ocr_carea' id='block_1_5' title="bbox 279 1801 1396 3167">
    <p class='ocr_par' dir='ltr' id='par_1_5' title="bbox 280 1801 1396 2417">
     <span class='ocr_line' id='line_1_5' title="bbox 280 1801 357 1856; baseline 0.026 -2"><span class='ocrx_word' id='word_1_7' title='bbox 280 1801 323 1854; x_wconf 68' lang='lat'>1⁸</span> <span class='ocrx_word' id='word_1_8' title='bbox 346 1831 357 1856; x_wconf 80' lang='grc' dir='ltr'><strong>ο</strong></span> 
     </span>
     <span class='ocr_line' id='line_1_6' title="bbox 393 1858 1396 1946; baseline -0.003 -18"><span class='ocrx_word' id='word_1_9' title='bbox 393 1859 532 1930; x_wconf 90' lang='lat' dir='ltr'>OLUM</span> <span class='ocrx_word' id='word_1_10' title='bbox 551 1862 607 1946; x_wconf 91' lang='lat' dir='ltr'>qui</span> <span class='ocrx_word' id='word_1_11' title='bbox 622 1869 866 1944; x_wconf 84' lang='lat' dir='ltr'>regenerantur</span> <span class='ocrx_word' id='word_1_12' title='bbox 881 1860 1093 1926; x_wconf 83' lang='lat' dir='ltr'>tentationes</span> <span class='ocrx_word' id='word_1_13' title='bbox 1109 1858 1300 1944; x_wconf 81' lang='lat' dir='ltr'>spirituales</span> <span class='ocrx_word' id='word_1_14' title='bbox 1316 1860 1396 1925; x_wconf 91' lang='lat' dir='ltr'>sub·</span> 
     </span>
     <span class='ocr_line' id='line_1_7' title="bbox 422 1953 1395 2044; baseline -0.004 -23"><span class='ocrx_word' id='word_1_15' title='bbox 422 1967 528 2040; x_wconf 83' lang='lat' dir='ltr'>eunt;</span> <span class='ocrx_word' id='word_1_16' title='bbox 566 1975 645 2020; x_wconf 89' lang='lat' dir='ltr'>nam</span> <span class='ocrx_word' id='word_1_17' title='bbox 678 1957 891 2044; x_wconf 85' lang='lat' dir='ltr'>tentationes</span> <span class='ocrx_word' id='word_1_18' title='bbox 923 1953 1115 2037; x_wconf 87' lang='lat' dir='ltr'>spirituales</span> <span class='ocrx_word' id='word_1_19' title='bbox 1148 1963 1227 2018; x_wconf 93' lang='lat' dir='ltr'>sunt</span> <span class='ocrx_word' id='word_1_20' title='bbox 1259 1954 1395 2019; x_wconf 89' lang='lat' dir='ltr'>dolores</span> 
     </span>
     <span class='ocr_line' id='line_1_8' title="bbox 422 2043 1395 2132; baseline -0.002 -18"><span class='ocrx_word' id='word_1_21' title='bbox 422 2051 548 2114; x_wconf 89' lang='lat' dir='ltr'>mentis</span> <span class='ocrx_word' id='word_1_22' title='bbox 566 2050 656 2132; x_wconf 91' lang='lat' dir='ltr'>apud</span> <span class='ocrx_word' id='word_1_23' title='bbox 676 2043 753 2114; x_wconf 92' lang='lat' dir='ltr'>illos</span> <span class='ocrx_word' id='word_1_24' title='bbox 771 2051 827 2132; x_wconf 92' lang='lat' dir='ltr'>qui</span> <span class='ocrx_word' id='word_1_25' title='bbox 845 2051 879 2113; x_wconf 91' lang='lat' dir='ltr'>in</span> <span class='ocrx_word' id='word_1_26' title='bbox 898 2050 996 2115; x_wconf 90' lang='lat' dir='ltr'>bonis</span> <span class='ocrx_word' id='word_1_27' title='bbox 1012 2059 1048 2113; x_wconf 87' lang='lat' dir='ltr'>et</span> <span class='ocrx_word' id='word_1_28' title='bbox 1064 2049 1152 2113; x_wconf 89' lang='lat' dir='ltr'>veris</span> <span class='ocrx_word' id='word_1_29' title='bbox 1171 2059 1260 2124; x_wconf 89' lang='lat' dir='ltr'>sunt,</span> <span class='ocrx_word' id='word_1_30' title='bbox 1277 2049 1395 2113; x_wconf 87' lang='lat' dir='ltr'>induc·</span> 
     </span>
     <span class='ocr_line' id='line_1_9' title="bbox 421 2142 1395 2228; baseline -0.003 -18"><span class='ocrx_word' id='word_1_31' title='bbox 421 2155 479 2210; x_wconf 89' lang='lat' dir='ltr'>tae</span> <span class='ocrx_word' id='word_1_32' title='bbox 497 2165 518 2209; x_wconf 90' lang='lat' dir='ltr'>a</span> <span class='ocrx_word' id='word_1_33' title='bbox 537 2145 709 2228; x_wconf 90' lang='lat' dir='ltr'>spiritibus</span> <span class='ocrx_word' id='word_1_34' title='bbox 728 2144 846 2223; x_wconf 89' lang='lat' dir='ltr'>malis;</span> <span class='ocrx_word' id='word_1_35' title='bbox 869 2143 904 2207; x_wconf 92' lang='lat' dir='ltr'>hi</span> <span class='ocrx_word' id='word_1_36' title='bbox 923 2145 1003 2207; x_wconf 94' lang='lat' dir='ltr'>dum</span> <span class='ocrx_word' id='word_1_37' title='bbox 1022 2144 1179 2208; x_wconf 87' lang='lat' dir='ltr'>excitant</span> <span class='ocrx_word' id='word_1_38' title='bbox 1198 2142 1289 2207; x_wconf 87' lang='lat' dir='ltr'>mala</span> <span class='ocrx_word' id='word_1_39' title='bbox 1310 2164 1395 2226; x_wconf 88' lang='lat' dir='ltr'>quae</span> 
     </span>
     <span class='ocr_line' id='line_1_10' title="bbox 280 2237 1395 2321; baseline 0 -19"><span class='ocrx_word' id='word_1_40' title='bbox 280 2240 370 2321; x_wconf 89' lang='lat' dir='ltr'>apud</span> <span class='ocrx_word' id='word_1_41' title='bbox 393 2239 482 2316; x_wconf 86' lang='lat' dir='ltr'>illos,</span> <span class='ocrx_word' id='word_1_42' title='bbox 502 2241 608 2304; x_wconf 90' lang='lat' dir='ltr'>oritur</span> <span class='ocrx_word' id='word_1_43' title='bbox 623 2239 783 2302; x_wconf 88' lang='lat' dir='ltr'>anxietas</span> <span class='ocrx_word' id='word_1_44' title='bbox 804 2258 891 2321; x_wconf 89' lang='lat' dir='ltr'>quae</span> <span class='ocrx_word' id='word_1_45' title='bbox 914 2238 1136 2302; x_wconf 87' lang='lat' dir='ltr'>tentationis:</span> <span class='ocrx_word' id='word_1_46' title='bbox 1160 2237 1264 2301; x_wconf 90' lang='lat' dir='ltr'>homo</span> <span class='ocrx_word' id='word_1_47' title='bbox 1286 2237 1395 2302; x_wconf 90' lang='lat' dir='ltr'>nescit</span> 
     </span>
     <span class='ocr_line' id='line_1_11' title="bbox 280 2333 1016 2417; baseline -0.005 -19"><span class='ocrx_word' id='word_1_48' title='bbox 280 2334 369 2398; x_wconf 91' lang='lat' dir='ltr'>unde</span> <span class='ocrx_word' id='word_1_49' title='bbox 387 2335 493 2410; x_wconf 88' lang='lat' dir='ltr'>venit,</span> <span class='ocrx_word' id='word_1_50' title='bbox 510 2335 587 2417; x_wconf 91' lang='lat' dir='ltr'>quia</span> <span class='ocrx_word' id='word_1_51' title='bbox 606 2333 716 2397; x_wconf 89' lang='lat' dir='ltr'>nescit</span> <span class='ocrx_word' id='word_1_52' title='bbox 735 2333 824 2396; x_wconf 88' lang='lat' dir='ltr'>hanc</span> <span class='ocrx_word' id='word_1_53' title='bbox 841 2333 1016 2414; x_wconf 85' lang='lat' dir='ltr'>originem.</span> 
     </span>
    </p>

    <p class='ocr_par' dir='ltr' id='par_1_6' title="bbox 279 2427 1395 3167">
     <span class='ocr_line' id='line_1_12' title="bbox 339 2427 1395 2511; baseline -0.003 -17"><span class='ocrx_word' id='word_1_54' title='bbox 339 2429 436 2496; x_wconf 94' lang='grc'><strong>188.</strong></span> <span class='ocrx_word' id='word_1_55' title='bbox 463 2429 551 2494; x_wconf 89' lang='lat' dir='ltr'>Sunt</span> <span class='ocrx_word' id='word_1_56' title='bbox 569 2429 661 2492; x_wconf 92' lang='lat' dir='ltr'>enim</span> <span class='ocrx_word' id='word_1_57' title='bbox 679 2428 770 2511; x_wconf 92' lang='lat' dir='ltr'>apud</span> <span class='ocrx_word' id='word_1_58' title='bbox 788 2427 1050 2510; x_wconf 91' lang='lat' dir='ltr'>unumquemvis</span> <span class='ocrx_word' id='word_1_59' title='bbox 1067 2427 1242 2491; x_wconf 90' lang='lat' dir='ltr'>hominem</span> <span class='ocrx_word' id='word_1_60' title='bbox 1257 2427 1395 2508; x_wconf 91' lang='lat' dir='ltr'>spiritus</span> 
     </span>
     <span class='ocr_line' id='line_1_13' title="bbox 279 2518 1395 2606; baseline -0.003 -19"><span class='ocrx_word' id='word_1_61' title='bbox 279 2522 360 2586; x_wconf 91' lang='lat' dir='ltr'>mali</span> <span class='ocrx_word' id='word_1_62' title='bbox 378 2532 414 2587; x_wconf 89' lang='lat' dir='ltr'>et</span> <span class='ocrx_word' id='word_1_63' title='bbox 430 2523 567 2606; x_wconf 91' lang='lat' dir='ltr'>spiritus</span> <span class='ocrx_word' id='word_1_64' title='bbox 589 2521 689 2599; x_wconf 93' lang='lat' dir='ltr'>boni;</span> <span class='ocrx_word' id='word_1_65' title='bbox 719 2521 855 2602; x_wconf 90' lang='lat' dir='ltr'>spiritus</span> <span class='ocrx_word' id='word_1_66' title='bbox 878 2519 958 2583; x_wconf 91' lang='lat' dir='ltr'>mali</span> <span class='ocrx_word' id='word_1_67' title='bbox 981 2519 1116 2583; x_wconf 90' lang='lat' dir='ltr'>suntin</span> <span class='ocrx_word' id='word_1_68' title='bbox 1139 2518 1209 2601; x_wconf 91' lang='lat' dir='ltr'>ejus</span> <span class='ocrx_word' id='word_1_69' title='bbox 1232 2519 1339 2594; x_wconf 87' lang='lat' dir='ltr'>malis,</span> <span class='ocrx_word' id='word_1_70' title='bbox 1358 2529 1395 2584; x_wconf 90' lang='lat' dir='ltr'>et</span> 
     </span>
     <span class='ocr_line' id='line_1_14' title="bbox 279 2613 1392 2700; baseline -0.003 -19"><span class='ocrx_word' id='word_1_71' title='bbox 279 2618 416 2700; x_wconf 90' lang='lat' dir='ltr'>spiritus</span> <span class='ocrx_word' id='word_1_72' title='bbox 428 2617 509 2681; x_wconf 89' lang='lat' dir='ltr'>boni</span> <span class='ocrx_word' id='word_1_73' title='bbox 520 2618 555 2680; x_wconf 92' lang='lat' dir='ltr'>in</span> <span class='ocrx_word' id='word_1_74' title='bbox 567 2615 638 2697; x_wconf 91' lang='lat' dir='ltr'>ejus</span> <span class='ocrx_word' id='word_1_75' title='bbox 649 2615 757 2679; x_wconf 90' lang='lat' dir='ltr'>bonis.</span> <span class='ocrx_word' id='word_1_76' title='bbox 794 2613 938 2697; x_wconf 87' lang='lat' dir='ltr'>Spiritus</span> <span class='ocrx_word' id='word_1_77' title='bbox 950 2613 1028 2677; x_wconf 90' lang='lat' dir='ltr'>mali</span> <span class='ocrx_word' id='word_1_78' title='bbox 1039 2632 1115 2678; x_wconf 92' lang='lat' dir='ltr'>cum</span> <span class='ocrx_word' id='word_1_79' title='bbox 1128 2633 1233 2697; x_wconf 91' lang='lat' dir='ltr'>prope</span> <span class='ocrx_word' id='word_1_80' title='bbox 1243 2613 1392 2688; x_wconf 88' lang='lat' dir='ltr'>veniunt,</span> 
     </span>
     <span class='ocr_line' id='line_1_15' title="bbox 280 2707 1393 2792; baseline -0.004 -17"><span class='ocrx_word' id='word_1_81' title='bbox 280 2713 430 2776; x_wconf 88' lang='lat' dir='ltr'>educunt</span> <span class='ocrx_word' id='word_1_82' title='bbox 457 2709 527 2792; x_wconf 90' lang='lat' dir='ltr'>ejus</span> <span class='ocrx_word' id='word_1_83' title='bbox 554 2709 718 2784; x_wconf 46' lang='lat' dir='ltr'>malasac</span> <span class='ocrx_word' id='word_1_84' title='bbox 743 2709 879 2790; x_wconf 90' lang='lat' dir='ltr'>spiritus</span> <span class='ocrx_word' id='word_1_85' title='bbox 909 2708 989 2771; x_wconf 89' lang='lat' dir='ltr'>boni</span> <span class='ocrx_word' id='word_1_86' title='bbox 1012 2709 1160 2772; x_wconf 88' lang='lat' dir='ltr'>vicissim</span> <span class='ocrx_word' id='word_1_87' title='bbox 1187 2707 1258 2790; x_wconf 90' lang='lat' dir='ltr'>ejus</span> <span class='ocrx_word' id='word_1_88' title='bbox 1283 2709 1393 2786; x_wconf 87' lang='lat' dir='ltr'>bona;</span> 
     </span>
     <span class='ocr_line' id='line_1_16' title="bbox 279 2802 1392 2885; baseline 0 -19"><span class='ocrx_word' id='word_1_89' title='bbox 279 2802 360 2867; x_wconf 90' lang='lat' dir='ltr'>inde</span> <span class='ocrx_word' id='word_1_90' title='bbox 375 2802 507 2867; x_wconf 90' lang='lat' dir='ltr'>collisio</span> <span class='ocrx_word' id='word_1_91' title='bbox 522 2811 558 2866; x_wconf 88' lang='lat' dir='ltr'>et</span> <span class='ocrx_word' id='word_1_92' title='bbox 578 2821 703 2885; x_wconf 87' lang='lat' dir='ltr'>pugna,</span> <span class='ocrx_word' id='word_1_93' title='bbox 717 2823 762 2866; x_wconf 90' lang='lat' dir='ltr'>ex</span> <span class='ocrx_word' id='word_1_94' title='bbox 781 2803 901 2884; x_wconf 83' lang='lat' dir='ltr'>quibus</span> <span class='ocrx_word' id='word_1_95' title='bbox 919 2802 1048 2866; x_wconf 92' lang='lat' dir='ltr'>homini</span> <span class='ocrx_word' id='word_1_96' title='bbox 1066 2804 1225 2866; x_wconf 89' lang='lat' dir='ltr'>anxietas</span> <span class='ocrx_word' id='word_1_97' title='bbox 1244 2803 1392 2878; x_wconf 89' lang='lat' dir='ltr'>interior,</span> 
     </span>
     <span class='ocr_line' id='line_1_17' title="bbox 279 2896 1393 2980; baseline 0 -20"><span class='ocrx_word' id='word_1_98' title='bbox 279 2907 438 2980; x_wconf 89' lang='lat' dir='ltr'>quaeest</span> <span class='ocrx_word' id='word_1_99' title='bbox 458 2897 617 2961; x_wconf 87' lang='lat' dir='ltr'>tentatio.</span> <span class='ocrx_word' id='word_1_100' title='bbox 662 2896 747 2960; x_wconf 90' lang='lat' dir='ltr'>Inde</span> <span class='ocrx_word' id='word_1_101' title='bbox 766 2906 863 2979; x_wconf 88' lang='lat' dir='ltr'>patet</span> <span class='ocrx_word' id='word_1_102' title='bbox 883 2897 973 2980; x_wconf 93' lang='lat' dir='ltr'>quod</span> <span class='ocrx_word' id='word_1_103' title='bbox 996 2898 1208 2962; x_wconf 89' lang='lat' dir='ltr'>tentationes</span> <span class='ocrx_word' id='word_1_104' title='bbox 1231 2897 1393 2961; x_wconf 88' lang='lat' dir='ltr'>inducan-</span> 
     </span>
     <span class='ocr_line' id='line_1_18' title="bbox 279 2989 1393 3074; baseline 0 -20"><span class='ocrx_word' id='word_1_105' title='bbox 279 3001 334 3054; x_wconf 93' lang='lat' dir='ltr'>tur</span> <span class='ocrx_word' id='word_1_106' title='bbox 352 2990 397 3054; x_wconf 87' lang='lat' dir='ltr'>ab</span> <span class='ocrx_word' id='word_1_107' title='bbox 418 2991 558 3065; x_wconf 80' lang='lat' dir='ltr'>inferno,</span> <span class='ocrx_word' id='word_1_108' title='bbox 576 2999 612 3055; x_wconf 89' lang='lat' dir='ltr'>et</span> <span class='ocrx_word' id='word_1_109' title='bbox 634 3009 703 3053; x_wconf 91' lang='lat' dir='ltr'>non</span> <span class='ocrx_word' id='word_1_110' title='bbox 725 3010 745 3054; x_wconf 90' lang='lat' dir='ltr'>e</span> <span class='ocrx_word' id='word_1_111' title='bbox 768 2991 883 3068; x_wconf 91' lang='lat' dir='ltr'>caelo;</span> <span class='ocrx_word' id='word_1_112' title='bbox 915 2991 1006 3074; x_wconf 91' lang='lat' dir='ltr'>quod</span> <span class='ocrx_word' id='word_1_113' title='bbox 1029 2993 1133 3055; x_wconf 88' lang='lat' dir='ltr'>etiam</span> <span class='ocrx_word' id='word_1_114' title='bbox 1156 2991 1200 3054; x_wconf 87' lang='lat' dir='ltr'>ab</span> <span class='ocrx_word' id='word_1_115' title='bbox 1228 2989 1393 3054; x_wconf 87' lang='lat' dir='ltr'>ecclesiae</span> 
     </span>
     <span class='ocr_line' id='line_1_19' title="bbox 279 3083 1142 3167; baseline 0.001 -19"><span class='ocrx_word' id='word_1_116' title='bbox 279 3083 346 3148; x_wconf 86' lang='lat' dir='ltr'>fide</span> <span class='ocrx_word' id='word_1_117' title='bbox 361 3093 426 3160; x_wconf 85' lang='lat' dir='ltr'>est,</span> <span class='ocrx_word' id='word_1_118' title='bbox 442 3104 528 3166; x_wconf 88' lang='lat' dir='ltr'>quae</span> <span class='ocrx_word' id='word_1_119' title='bbox 544 3093 598 3148; x_wconf 90' lang='lat' dir='ltr'>est</span> <span class='ocrx_word' id='word_1_120' title='bbox 613 3085 704 3167; x_wconf 93' lang='lat' dir='ltr'>quod</span> <span class='ocrx_word' id='word_1_121' title='bbox 721 3084 814 3148; x_wconf 91' lang='lat' dir='ltr'>Deus</span> <span class='ocrx_word' id='word_1_122' title='bbox 830 3085 1001 3149; x_wconf 91' lang='lat' dir='ltr'>neminem</span> <span class='ocrx_word' id='word_1_123' title='bbox 1017 3094 1142 3149; x_wconf 89' lang='lat' dir='ltr'>tentet.</span> 
     </span>
    </p>
   </div>
   <div class='ocr_carea' id='block_1_6' title="bbox 338 3179 1394 3263">
    <p class='ocr_par' dir='ltr' id='par_1_7' title="bbox 338 3179 1394 3263">
     <span class='ocr_line' id='line_1_20' title="bbox 338 3179 1394 3263; baseline 0 -19"><span class='ocrx_word' id='word_1_124' title='bbox 338 3179 436 3262; x_wconf 91' lang='grc'><strong>189.</strong></span> <span class='ocrx_word' id='word_1_125' title='bbox 464 3179 551 3244; x_wconf 89' lang='lat' dir='ltr'>Sunt</span> <span class='ocrx_word' id='word_1_126' title='bbox 567 3200 701 3263; x_wconf 91' lang='lat' dir='ltr'>quoque</span> <span class='ocrx_word' id='word_1_127' title='bbox 717 3181 917 3245; x_wconf 87' lang='lat' dir='ltr'>anxietates</span> <span class='ocrx_word' id='word_1_128' title='bbox 935 3182 1116 3245; x_wconf 88' lang='lat' dir='ltr'>interiores</span> <span class='ocrx_word' id='word_1_129' title='bbox 1133 3181 1223 3262; x_wconf 93' lang='lat' dir='ltr'>apud</span> <span class='ocrx_word' id='word_1_130' title='bbox 1241 3180 1320 3245; x_wconf 92' lang='lat' dir='ltr'>illos</span> <span class='ocrx_word' id='word_1_131' title='bbox 1337 3179 1394 3262; x_wconf 91' lang='lat' dir='ltr'>qui</span> 
     </span>
    </p>
   </div>
   <div class='ocr_carea' id='block_1_7' title="bbox 180 3272 1392 3349">
    <p class='ocr_par' dir='ltr' id='par_1_8' title="bbox 180 3272 1392 3349">
     <span class='ocr_line' id='line_1_21' title="bbox 180 3272 1392 3349; baseline -0.002 -11"><span class='ocrx_word' id='word_1_132' title='bbox 180 3303 183 3310; x_wconf 51' lang='lat'><strong>⁴</strong></span> <span class='ocrx_word' id='word_1_133' title='bbox 280 3293 349 3338; x_wconf 92' lang='lat' dir='ltr'>non</span> <span class='ocrx_word' id='word_1_134' title='bbox 372 3274 406 3336; x_wconf 92' lang='lat' dir='ltr'>in</span> <span class='ocrx_word' id='word_1_135' title='bbox 428 3273 527 3337; x_wconf 92' lang='lat' dir='ltr'>bonis</span> <span class='ocrx_word' id='word_1_136' title='bbox 549 3281 585 3337; x_wconf 91' lang='lat' dir='ltr'>et</span> <span class='ocrx_word' id='word_1_137' title='bbox 603 3275 691 3337; x_wconf 87' lang='lat' dir='ltr'>veris</span> <span class='ocrx_word' id='word_1_138' title='bbox 713 3283 803 3348; x_wconf 86' lang='lat' dir='ltr'>sunt,</span> <span class='ocrx_word' id='word_1_139' title='bbox 821 3273 882 3336; x_wconf 92' lang='lat' dir='ltr'>sed</span> <span class='ocrx_word' id='word_1_140' title='bbox 904 3275 1101 3337; x_wconf 87' lang='lat' dir='ltr'>anxietates</span> <span class='ocrx_word' id='word_1_141' title='bbox 1123 3272 1306 3349; x_wconf 86' lang='lat' dir='ltr'>naturales,</span> <span class='ocrx_word' id='word_1_142' title='bbox 1324 3291 1392 3336; x_wconf 91' lang='lat' dir='ltr'>non</span> 
     </span>
    </p>
   </div>
   <div class='ocr_carea' id='block_1_8' title="bbox 278 3355 1395 4672">
    <p class='ocr_par' dir='ltr' id='par_1_9' title="bbox 279 3355 1394 3640">
     <span class='ocr_line' id='line_1_22' title="bbox 279 3355 1394 3450; baseline -0.002 -18"><span class='ocrx_word' id='word_1_143' title='bbox 279 3378 394 3432; x_wconf 90' lang='lat' dir='ltr'>autem</span> <span class='ocrx_word' id='word_1_144' title='bbox 418 3365 631 3450; x_wconf 86' lang='lat' dir='ltr'>spirituales:</span> <span class='ocrx_word' id='word_1_145' title='bbox 659 3355 906 3450; x_wconf 85' lang='lat' dir='ltr'>dignoscuntur</span> <span class='ocrx_word' id='word_1_146' title='bbox 928 3388 987 3450; x_wconf 88' lang='lat' dir='ltr'>per</span> <span class='ocrx_word' id='word_1_147' title='bbox 1009 3366 1054 3444; x_wconf 90' lang='lat' dir='ltr'>id,</span> <span class='ocrx_word' id='word_1_148' title='bbox 1078 3366 1168 3450; x_wconf 93' lang='lat' dir='ltr'>quod</span> <span class='ocrx_word' id='word_1_149' title='bbox 1197 3369 1394 3432; x_wconf 88' lang='lat' dir='ltr'>anxietates</span> 
     </span>
     <span class='ocr_line' id='line_1_23' title="bbox 280 3458 1394 3544; baseline -0.002 -18"><span class='ocrx_word' id='word_1_150' title='bbox 280 3459 454 3526; x_wconf 90' lang='lat' dir='ltr'>naturales</span> <span class='ocrx_word' id='word_1_151' title='bbox 476 3481 538 3544; x_wconf 91' lang='lat' dir='ltr'>pro</span> <span class='ocrx_word' id='word_1_152' title='bbox 563 3458 698 3542; x_wconf 75' lang='lat' dir='ltr'>objet&#39;to</span> <span class='ocrx_word' id='word_1_153' title='bbox 724 3461 875 3526; x_wconf 88' lang='lat' dir='ltr'>habeant</span> <span class='ocrx_word' id='word_1_154' title='bbox 905 3461 1088 3538; x_wconf 89' lang='lat' dir='ltr'>mundana,</span> <span class='ocrx_word' id='word_1_155' title='bbox 1108 3459 1169 3524; x_wconf 89' lang='lat' dir='ltr'>sed</span> <span class='ocrx_word' id='word_1_156' title='bbox 1198 3462 1394 3526; x_wconf 87' lang='lat' dir='ltr'>anxietates</span> 
     </span>
     <span class='ocr_line' id='line_1_24' title="bbox 280 3554 660 3640; baseline -0.005 -20"><span class='ocrx_word' id='word_1_157' title='bbox 280 3554 472 3640; x_wconf 90' lang='lat' dir='ltr'>spirituales</span> <span class='ocrx_word' id='word_1_158' title='bbox 488 3554 660 3619; x_wconf 88' lang='lat' dir='ltr'>caelestia.</span> 
     </span>
    </p>

    <p class='ocr_par' dir='ltr' id='par_1_10' title="bbox 279 3649 1395 4106">
     <span class='ocr_line' id='line_1_25' title="bbox 338 3649 1394 3734; baseline -0.001 -18"><span class='ocrx_word' id='word_1_159' title='bbox 338 3667 439 3733; x_wconf 80' lang='lat'>19⁰.</span> <span class='ocrx_word' id='word_1_160' title='bbox 467 3650 507 3714; x_wconf 91' lang='lat' dir='ltr'>In</span> <span class='ocrx_word' id='word_1_161' title='bbox 532 3650 785 3714; x_wconf 89' lang='lat' dir='ltr'>tentationibus</span> <span class='ocrx_word' id='word_1_162' title='bbox 806 3651 921 3733; x_wconf 81' lang='lat' dir='ltr'>agit&#39;ur</span> <span class='ocrx_word' id='word_1_163' title='bbox 942 3650 985 3714; x_wconf 92' lang='lat' dir='ltr'>de</span> <span class='ocrx_word' id='word_1_164' title='bbox 1011 3649 1163 3714; x_wconf 91' lang='lat' dir='ltr'>dominio</span> <span class='ocrx_word' id='word_1_165' title='bbox 1188 3651 1269 3714; x_wconf 90' lang='lat' dir='ltr'>boni</span> <span class='ocrx_word' id='word_1_166' title='bbox 1294 3671 1394 3734; x_wconf 89' lang='lat' dir='ltr'>super</span> 
     </span>
     <span class='ocr_line' id='line_1_26' title="bbox 279 3741 1393 3825; baseline -0.002 -17"><span class='ocrx_word' id='word_1_167' title='bbox 279 3743 417 3820; x_wconf 88' lang='lat' dir='ltr'>malum,</span> <span class='ocrx_word' id='word_1_168' title='bbox 429 3752 487 3807; x_wconf 93' lang='lat' dir='ltr'>aut</span> <span class='ocrx_word' id='word_1_169' title='bbox 500 3742 580 3806; x_wconf 87' lang='lat' dir='ltr'>mali</span> <span class='ocrx_word' id='word_1_170' title='bbox 593 3742 841 3825; x_wconf 91' lang='lat' dir='ltr'>superbonum.</span> <span class='ocrx_word' id='word_1_171' title='bbox 878 3741 1018 3817; x_wconf 90' lang='lat' dir='ltr'>Malum,</span> <span class='ocrx_word' id='word_1_172' title='bbox 1028 3743 1118 3825; x_wconf 90' lang='lat' dir='ltr'>quod</span> <span class='ocrx_word' id='word_1_173' title='bbox 1131 3743 1296 3806; x_wconf 88' lang='lat' dir='ltr'>dominari</span> <span class='ocrx_word' id='word_1_174' title='bbox 1309 3742 1393 3818; x_wconf 82' lang='lat' dir='ltr'>vult,</span> 
     </span>
     <span class='ocr_line' id='line_1_27' title="bbox 279 3835 1395 3919; baseline 0 -17"><span class='ocrx_word' id='word_1_175' title='bbox 279 3848 332 3902; x_wconf 91' lang='lat' dir='ltr'>est</span> <span class='ocrx_word' id='word_1_176' title='bbox 351 3837 384 3901; x_wconf 91' lang='lat' dir='ltr'>in</span> <span class='ocrx_word' id='word_1_177' title='bbox 403 3835 549 3900; x_wconf 88' lang='lat' dir='ltr'>naturali</span> <span class='ocrx_word' id='word_1_178' title='bbox 568 3857 627 3899; x_wconf 89' lang='lat' dir='ltr'>seu</span> <span class='ocrx_word' id='word_1_179' title='bbox 646 3845 794 3900; x_wconf 91' lang='lat' dir='ltr'>externo</span> <span class='ocrx_word' id='word_1_180' title='bbox 812 3835 960 3912; x_wconf 86' lang='lat' dir='ltr'>homine,</span> <span class='ocrx_word' id='word_1_181' title='bbox 977 3846 1014 3900; x_wconf 89' lang='lat' dir='ltr'>et</span> <span class='ocrx_word' id='word_1_182' title='bbox 1034 3837 1159 3900; x_wconf 93' lang='lat' dir='ltr'>bonum</span> <span class='ocrx_word' id='word_1_183' title='bbox 1179 3836 1395 3919; x_wconf 87' lang='lat' dir='ltr'>inspirituali</span> 
     </span>
     <span class='ocr_line' id='line_1_28' title="bbox 279 3927 1395 4026; baseline -0.002 -30"><span class='ocrx_word' id='word_1_184' title='bbox 279 3951 339 3996; x_wconf 89' lang='lat' dir='ltr'>seu</span> <span class='ocrx_word' id='word_1_185' title='bbox 357 3932 502 4026; x_wconf 75' lang='lat' dir='ltr'>interno.</span> <span class='ocrx_word' id='word_1_186' title='bbox 544 3927 580 3994; x_wconf 89' lang='lat' dir='ltr'>Si</span> <span class='ocrx_word' id='word_1_187' title='bbox 599 3928 725 3992; x_wconf 90' lang='lat' dir='ltr'>malum</span> <span class='ocrx_word' id='word_1_188' title='bbox 744 3929 862 4006; x_wconf 88' lang='lat' dir='ltr'>vincit,</span> <span class='ocrx_word' id='word_1_189' title='bbox 880 3939 961 3994; x_wconf 90' lang='lat' dir='ltr'>tunc</span> <span class='ocrx_word' id='word_1_190' title='bbox 981 3929 1144 3994; x_wconf 88' lang='lat' dir='ltr'>naturalis</span> <span class='ocrx_word' id='word_1_191' title='bbox 1163 3929 1268 3994; x_wconf 90' lang='lat' dir='ltr'>homo</span> <span class='ocrx_word' id='word_1_192' title='bbox 1285 3929 1395 3995; x_wconf 89' lang='lat' dir='ltr'>domi·</span> 
     </span>
     <span class='ocr_line' id='line_1_29' title="bbox 279 4023 1168 4106; baseline -0.003 -16"><span class='ocrx_word' id='word_1_193' title='bbox 279 4034 400 4104; x_wconf 88' lang='lat' dir='ltr'>natur;</span> <span class='ocrx_word' id='word_1_194' title='bbox 423 4025 596 4088; x_wconf 92' lang='lat' dir='ltr'>sibonum</span> <span class='ocrx_word' id='word_1_195' title='bbox 615 4024 731 4098; x_wconf 86' lang='lat' dir='ltr'>vincit,</span> <span class='ocrx_word' id='word_1_196' title='bbox 749 4032 831 4088; x_wconf 91' lang='lat' dir='ltr'>tunc</span> <span class='ocrx_word' id='word_1_197' title='bbox 850 4023 1033 4106; x_wconf 86' lang='lat' dir='ltr'>spiritualis</span> <span class='ocrx_word' id='word_1_198' title='bbox 1052 4023 1168 4088; x_wconf 91' lang='lat' dir='ltr'>homo.</span> 
     </span>
    </p>

    <p class='ocr_par' dir='ltr' id='par_1_11' title="bbox 278 4116 1395 4672">
     <span class='ocr_line' id='line_1_30' title="bbox 338 4116 1393 4202; baseline -0.002 -16"><span class='ocrx_word' id='word_1_199' title='bbox 338 4135 434 4202; x_wconf 91' lang='grc'><strong>191.</strong></span> <span class='ocrx_word' id='word_1_200' title='bbox 462 4119 600 4202; x_wconf 83' lang='lat' dir='ltr'>Pugnae</span> <span class='ocrx_word' id='word_1_201' title='bbox 618 4119 698 4183; x_wconf 87' lang='lat' dir='ltr'>illae</span> <span class='ocrx_word' id='word_1_202' title='bbox 716 4116 803 4182; x_wconf 88' lang='lat' dir='ltr'>fiunt</span> <span class='ocrx_word' id='word_1_203' title='bbox 819 4139 880 4201; x_wconf 86' lang='lat' dir='ltr'>per</span> <span class='ocrx_word' id='word_1_204' title='bbox 894 4139 976 4182; x_wconf 88' lang='lat' dir='ltr'>vera</span> <span class='ocrx_word' id='word_1_205' title='bbox 993 4118 1072 4182; x_wconf 89' lang='lat' dir='ltr'>fidei</span> <span class='ocrx_word' id='word_1_206' title='bbox 1089 4139 1177 4202; x_wconf 89' lang='lat' dir='ltr'>quae</span> <span class='ocrx_word' id='word_1_207' title='bbox 1193 4139 1238 4183; x_wconf 92' lang='lat' dir='ltr'>ex</span> <span class='ocrx_word' id='word_1_208' title='bbox 1254 4119 1393 4184; x_wconf 88' lang='lat' dir='ltr'>Verbo:</span> 
     </span>
     <span class='ocr_line' id='line_1_31' title="bbox 278 4209 1395 4296; baseline -0.004 -16"><span class='ocrx_word' id='word_1_209' title='bbox 278 4235 324 4280; x_wconf 87' lang='lat' dir='ltr'>ex</span> <span class='ocrx_word' id='word_1_210' title='bbox 346 4213 413 4278; x_wconf 92' lang='lat' dir='ltr'>illis</span> <span class='ocrx_word' id='word_1_211' title='bbox 436 4212 603 4296; x_wconf 91' lang='lat' dir='ltr'>pugnabit</span> <span class='ocrx_word' id='word_1_212' title='bbox 625 4211 729 4274; x_wconf 93' lang='lat' dir='ltr'>homo</span> <span class='ocrx_word' id='word_1_213' title='bbox 751 4221 874 4276; x_wconf 90' lang='lat' dir='ltr'>contra</span> <span class='ocrx_word' id='word_1_214' title='bbox 896 4211 987 4274; x_wconf 88' lang='lat' dir='ltr'>mala</span> <span class='ocrx_word' id='word_1_215' title='bbox 1009 4220 1045 4274; x_wconf 91' lang='lat' dir='ltr'>et</span> <span class='ocrx_word' id='word_1_216' title='bbox 1067 4209 1172 4290; x_wconf 76' lang='lat' dir='ltr'>salsa3</span> <span class='ocrx_word' id='word_1_217' title='bbox 1200 4211 1228 4274; x_wconf 91' lang='lat' dir='ltr'>si</span> <span class='ocrx_word' id='word_1_218' title='bbox 1252 4231 1298 4276; x_wconf 88' lang='lat' dir='ltr'>ex</span> <span class='ocrx_word' id='word_1_219' title='bbox 1321 4211 1395 4276; x_wconf 89' lang='lat' dir='ltr'>aliis</span> 
     </span>
     <span class='ocr_line' id='line_1_32' title="bbox 278 4304 1394 4393; baseline -0.003 -20"><span class='ocrx_word' id='word_1_220' title='bbox 278 4327 380 4393; x_wconf 88' lang='lat' dir='ltr'>quam</span> <span class='ocrx_word' id='word_1_221' title='bbox 403 4328 448 4372; x_wconf 91' lang='lat' dir='ltr'>ex</span> <span class='ocrx_word' id='word_1_222' title='bbox 471 4306 547 4382; x_wconf 88' lang='lat' dir='ltr'>illis,</span> <span class='ocrx_word' id='word_1_223' title='bbox 568 4325 637 4368; x_wconf 92' lang='lat' dir='ltr'>non</span> <span class='ocrx_word' id='word_1_224' title='bbox 652 4305 770 4380; x_wconf 84' lang='lat' dir='ltr'>vincit,</span> <span class='ocrx_word' id='word_1_225' title='bbox 788 4307 866 4388; x_wconf 90' lang='lat' dir='ltr'>quia</span> <span class='ocrx_word' id='word_1_226' title='bbox 889 4307 1014 4370; x_wconf 91' lang='lat' dir='ltr'>nonin</span> <span class='ocrx_word' id='word_1_227' title='bbox 1037 4304 1111 4370; x_wconf 91' lang='lat' dir='ltr'>aliis</span> <span class='ocrx_word' id='word_1_228' title='bbox 1134 4316 1187 4370; x_wconf 91' lang='lat' dir='ltr'>est</span> <span class='ocrx_word' id='word_1_229' title='bbox 1217 4305 1394 4370; x_wconf 79' lang='lat' dir='ltr'>Dominus</span> 
     </span>
     <span class='ocr_line' id='line_1_33' title="bbox 280 4399 1394 4485; baseline -0.003 -19"><span class='ocrx_word' id='word_1_230' title='bbox 280 4401 368 4485; x_wconf 90' lang='lat' dir='ltr'>Quia</span> <span class='ocrx_word' id='word_1_231' title='bbox 390 4421 506 4485; x_wconf 90' lang='lat' dir='ltr'>pugna</span> <span class='ocrx_word' id='word_1_232' title='bbox 527 4399 566 4465; x_wconf 88' lang='lat' dir='ltr'>fit</span> <span class='ocrx_word' id='word_1_233' title='bbox 592 4420 652 4482; x_wconf 92' lang='lat' dir='ltr'>per</span> <span class='ocrx_word' id='word_1_234' title='bbox 669 4419 750 4464; x_wconf 88' lang='lat' dir='ltr'>vera</span> <span class='ocrx_word' id='word_1_235' title='bbox 773 4399 861 4476; x_wconf 88' lang='lat' dir='ltr'>fidei,</span> <span class='ocrx_word' id='word_1_236' title='bbox 881 4399 1007 4464; x_wconf 89' lang='lat' dir='ltr'>idcirco</span> <span class='ocrx_word' id='word_1_237' title='bbox 1029 4399 1134 4464; x_wconf 93' lang='lat' dir='ltr'>homo</span> <span class='ocrx_word' id='word_1_238' title='bbox 1157 4420 1225 4465; x_wconf 92' lang='lat' dir='ltr'>non</span> <span class='ocrx_word' id='word_1_239' title='bbox 1248 4401 1339 4484; x_wconf 88' lang='lat' dir='ltr'>prius</span> <span class='ocrx_word' id='word_1_240' title='bbox 1361 4401 1394 4464; x_wconf 90' lang='lat' dir='ltr'>in</span> 
     </span>
     <span class='ocr_line' id='line_1_34' title="bbox 278 4493 1394 4580; baseline -0.001 -20"><span class='ocrx_word' id='word_1_241' title='bbox 278 4514 430 4580; x_wconf 88' lang='lat' dir='ltr'>pugnam</span> <span class='ocrx_word' id='word_1_242' title='bbox 445 4495 539 4558; x_wconf 89' lang='lat' dir='ltr'>illam</span> <span class='ocrx_word' id='word_1_243' title='bbox 558 4493 752 4558; x_wconf 89' lang='lat' dir='ltr'>admittitur</span> <span class='ocrx_word' id='word_1_244' title='bbox 769 4512 871 4576; x_wconf 90' lang='lat' dir='ltr'>quam</span> <span class='ocrx_word' id='word_1_245' title='bbox 891 4513 968 4557; x_wconf 88' lang='lat' dir='ltr'>cum</span> <span class='ocrx_word' id='word_1_246' title='bbox 986 4495 1020 4557; x_wconf 90' lang='lat' dir='ltr'>in</span> <span class='ocrx_word' id='word_1_247' title='bbox 1035 4495 1106 4558; x_wconf 86' lang='lat' dir='ltr'>veri</span> <span class='ocrx_word' id='word_1_248' title='bbox 1125 4503 1161 4559; x_wconf 90' lang='lat' dir='ltr'>et</span> <span class='ocrx_word' id='word_1_249' title='bbox 1179 4496 1259 4559; x_wconf 94' lang='lat' dir='ltr'>boni</span> <span class='ocrx_word' id='word_1_250' title='bbox 1274 4496 1394 4577; x_wconf 88' lang='lat' dir='ltr'>cogni·</span> 
     </span>
     <span class='ocr_line' id='line_1_35' title="bbox 279 4586 1395 4672; baseline -0.004 -17"><span class='ocrx_word' id='word_1_251' title='bbox 279 4591 429 4655; x_wconf 92' lang='lat' dir='ltr'>tionibus</span> <span class='ocrx_word' id='word_1_252' title='bbox 460 4598 525 4667; x_wconf 90' lang='lat' dir='ltr'>est,</span> <span class='ocrx_word' id='word_1_253' title='bbox 545 4598 581 4654; x_wconf 90' lang='lat' dir='ltr'>et</span> <span class='ocrx_word' id='word_1_254' title='bbox 607 4587 686 4652; x_wconf 89' lang='lat' dir='ltr'>inde</span> <span class='ocrx_word' id='word_1_255' title='bbox 712 4586 860 4672; x_wconf 88' lang='lat' dir='ltr'>aliquam</span> <span class='ocrx_word' id='word_1_256' title='bbox 883 4588 989 4652; x_wconf 91' lang='lat' dir='ltr'>vitam</span> <span class='ocrx_word' id='word_1_257' title='bbox 1018 4587 1228 4672; x_wconf 89' lang='lat' dir='ltr'>spiritualem</span> <span class='ocrx_word' id='word_1_258' title='bbox 1250 4589 1395 4672; x_wconf 89' lang='lat' dir='ltr'>adeptus</span> 
     </span>
    </p>
   </div>
   <div class='ocr_carea' id='block_1_9' title="bbox 0 0 1648 5294">
    <p class='ocr_par' dir='ltr' id='par_1_12' title="bbox 0 0 1648 5294">
     <span class='ocr_line' id='line_1_36' title="bbox 0 0 1648 5294; baseline 0 0"><span class='ocrx_word' id='word_1_259' title='bbox 0 0 1648 5294; x_wconf 95' lang='lat' dir='ltr'> </span> 
     </span>
    </p>
   </div>
  </div>
 </body>
</html>
