3352 5298
464 669 513 722 nr
535 670 620 739 EJUs
642 671 840 726 noenum
863 671 1136 762 ciiii-:snex
1156 673 1224 741 143.
1359 657 1402 740 89

811 1139 878 1224 [x.]

685 1351 758 1426 DE
793 1349 999 1426 LIBERO.

286 1715 539 2044 ¹CYNE
562 1769 704 1834 liberum
726 1779 780 1836 est
803 1771 939 1844 amoris,
959 1789 1039 1833 nam
1061 1769 1152 1856 quod
1179 1767 1284 1834 homo
1306 1777 1401 1834 amat

461 1863 528 1930 hoc
551 1864 656 1930 libere
674 1863 776 1942 sacit;
807 1864 885 1929 inde
903 1885 1038 1948 quoque
1060 1883 1162 1928 omne
1181 1863 1323 1928 liberum
1346 1873 1401 1928 est

461 1957 663 2034 voluntatis,
691 1977 770 2023 nam
799 1958 890 2041 quod
919 1958 1024 2022 homo
1050 1968 1145 2022 amat
1174 1958 1239 2022 hoc
1267 1978 1401 2041 quoque

464 2051 559 2130 vult;
582 2062 618 2116 et
637 2053 715 2136 quia
731 2070 828 2118 amor
839 2061 875 2116 et
893 2051 1054 2116 voluntas
1072 2051 1199 2118 faciunt
1211 2053 1318 2116 vitam
1337 2053 1401 2116 ho·

285 2145 395 2220 minis,
412 2147 517 2211 etiam
537 2145 677 2210 liberum
700 2146 780 2210 facit
799 2145 902 2209 illam.
948 2145 1004 2208 Ex
1028 2146 1080 2210 his
1102 2155 1261 2210 constare
1284 2155 1402 2228 potest

287 2239 366 2323 quid
385 2239 538 2316 liberum,
555 2241 647 2324 quod
662 2259 785 2323 nempe
801 2241 847 2304 sit
866 2240 898 2303 id
914 2241 1004 2323 quod
1020 2251 1075 2305 est
1088 2241 1213 2304 amoris
1228 2250 1264 2304 et
1280 2239 1401 2304 volun·

287 2335 371 2398 tatis
388 2345 424 2400 et
442 2335 522 2399 inde
540 2335 632 2399 vitae
654 2334 810 2398 hominis.
856 2334 940 2398 Inde
958 2345 1011 2398 est
1030 2335 1121 2418 quod
1139 2335 1172 2398 id
1188 2335 1278 2418 quod
1297 2333 1403 2400 homo

288 2448 333 2493 ex
352 2428 459 2494 libero
476 2428 568 2504 facit,
587 2438 752 2512 appareat
770 2430 801 2492 ei
819 2430 906 2492 sicut
926 2450 970 2492 ex
990 2449 1052 2494 suo
1070 2430 1215 2512 proprio.

344 2537 437 2608 ψ.
466 2524 596 2590 Facere
613 2545 659 2590 ex
677 2523 786 2588 libero
804 2524 933 2588 malum
950 2535 1095 2606 apparet
1113 2533 1150 2588 ut
1169 2525 1324 2600 liberum,
1340 2525 1402 2588 sed

286 2625 339 2680 est
357 2635 502 2693 servum,
519 2617 598 2700 quia
615 2617 648 2681 id
667 2616 809 2682 liberum
828 2627 881 2681 est
900 2637 946 2681 ex
964 2637 1080 2680 amore
1098 2619 1148 2680 sui
1167 2627 1203 2682 et
1221 2638 1267 2682 ex
1286 2637 1403 2681 amore

286 2711 413 2784 mundi,
429 2720 466 2775 et
488 2710 522 2774 hi
545 2729 679 2778 amores
701 2720 781 2776 sunt
803 2732 848 2775 ex
871 2711 1020 2776 inferno:
1044 2710 1115 2776 tale
1137 2710 1279 2774 liberum
1298 2711 1403 2774 etiam

285 2805 430 2868 vertitur
444 2801 624 2869 astualiter
638 2806 672 2868 in
691 2824 824 2868 servum
843 2815 922 2888 post
941 2815 1108 2884 mortem;
1131 2825 1211 2868 nam
1227 2803 1331 2867 homo
1349 2803 1403 2868 cui

286 2897 357 2962 tale
372 2896 515 2962 liberum
529 2897 601 2974 suit,
615 2897 653 2963 fit
669 2907 751 2963 tunc
767 2899 801 2962 in
817 2899 947 2964 inferno
962 2899 1038 2962 vilis
1054 2919 1180 2964 servus.
1225 2897 1277 2962 At
1293 2897 1403 2962 iacere

287 3011 333 3056 ex
353 2991 459 3056 libero
476 2992 603 3057 bonum
621 3003 676 3058 est
694 2993 801 3076 ipsum
822 2992 974 3068 liberum,
994 2993 1072 3076 quia
1094 3001 1147 3056 est
1170 3013 1215 3056 ex
1233 3011 1349 3055 amore
1368 2991 1402 3054 in

286 3084 471 3150 Dominum
490 3095 525 3152 et
545 3107 590 3152 ex
608 3105 723 3151 amore
742 3107 825 3168 erga
840 3087 1098 3169 proximum,.et
1116 3085 1151 3150 hi
1168 3105 1303 3150 amores
1321 3095 1402 3149 sunt

285 3199 331 3244 ex
352 3180 460 3244 caelo.
505 3179 582 3244 Hoc
605 3180 747 3246 liberum
765 3182 870 3246 etiam
894 3191 1011 3245 manet
1029 3191 1108 3264 post
1131 3190 1289 3253 mortem,
1309 3187 1345 3244 et
1364 3177 1403 3244 fit

285 3283 367 3338 tunc
383 3295 463 3340 vere
481 3273 643 3353 liberum
666 3294 746 3338 nam
765 3275 870 3340 homo
892 3276 945 3338 cui
966 3273 1037 3339 tale
1056 3273 1198 3339 liberum
1216 3273 1288 3350 suit,
1307 3271 1346 3338 fit
1368 3274 1402 3338 in

285 3367 382 3434 caelo
400 3369 488 3434 sicut
506 3367 593 3433 filius
611 3369 742 3433 domuS.
788 3367 865 3434 Hoc
885 3369 934 3432 ita
952 3368 1119 3433 Dominus
1136 3369 1250 3444 docet,

335 3499 453 3552 “Omnis
466 3500 568 3551 inciens
582 3511 729 3566 peccatum,
743 3513 838 3552 servus
854 3511 897 3552 est
914 3502 1023 3564 peccati.
1058 3502 1247 3553 &maman
1264 3510 1357 3552 mmet
1374 3469 1420 3552 in*

416 3567 499 3618 domo
513 3567 541 3616 in
556 3578 731 3631 perpetuum
753 3567 822 3618 filius
836 3577 927 3618 manet
944 3568 972 3616 in
991 3579 1155 3630 perpetuum.
1190 3565 1336 3622 simius
1354 3581 1403 3618 vos

416 3632 515 3682 liberos
528 3631 627 3690 iecerit,
639 3647 702 3682 vere
716 3633 791 3682 liberi
804 3631 879 3684 eritis
888 3632 903 3652 '⁹
913 3632 988 3698 (Joh.
1000 3633 1054 3682 viii.
1067 3631 1166 3695 34-36).

286 3761 386 3828 Nunc
401 3764 479 3848 quia
497 3783 599 3828 omne
618 3763 745 3828 bonum
761 3773 815 3828 est
834 3783 854 3827 a
871 3763 1031 3839 Domino,
1048 3775 1084 3830 et
1100 3781 1201 3828 omne
1217 3763 1344 3828 malum
1360 3764 1404 3828 ab

286 3857 427 3933 inferno,
444 3857 595 3940 sequitur
613 3857 705 3940 quod
729 3857 870 3922 liberum
889 3859 932 3922 sit
952 3857 1029 3922 duci
1051 3878 1072 3924 a
1094 3857 1254 3934 Domino,
1273 3877 1313 3922 ac
1332 3878 1403 3922 ser·

285 3971 366 4016 vum
382 3953 459 4016 duci
474 3952 520 4015 ab
537 3951 677 4016 inferno.

346 4062 443 4130 ιω.
474 4045 577 4128 Quod
605 4045 736 4110 homini
763 4047 808 4110 sit
836 4046 981 4110 liberum
1009 4048 1188 4130 cogitandi
1215 4047 1344 4114 malum
1367 4057 1403 4114 et

285 4137 417 4214 salsum,
431 4147 467 4202 et
482 4157 616 4222 quoque
627 4139 784 4212 faciendi,
798 4147 962 4220 quantum
977 4159 1045 4206 non
1059 4139 1155 4222 leges
1167 4139 1335 4215 detinent,
1349 4149 1404 4206 est

286 4233 331 4296 ob
346 4251 484 4296 causam
500 4241 538 4295 ut
555 4233 663 4314 possit
681 4231 873 4310 reformari;
897 4232 988 4295 bona
1003 4234 1093 4296 enim
1110 4242 1144 4296 et
1161 4253 1242 4297 vera
1257 4233 1404 4316 implan-

286 4325 393 4390 tanda
415 4335 495 4390 sunt
513 4325 584 4407 ejus
602 4327 709 4392 amori
726 4335 762 4390 et
782 4321 964 4400 voluniati,
981 4335 1018 4392 ut
1036 4325 1120 4390 fiant
1139 4327 1231 4391 vitae
1249 4327 1341 4409 ejus;
1368 4336 1405 4392 et

286 4419 351 4484 hoc
371 4418 441 4484 fieri
460 4419 577 4503 nequit
594 4419 657 4482 nisi
672 4420 703 4484 ei
722 4419 864 4483 liberum
880 4420 924 4483 sit
944 4429 1017 4484 tarn
1032 4421 1209 4503 cogitandi
1223 4419 1351 4484 malum
1368 4431 1404 4486 et

286 4513 407 4578 salsum
426 4533 527 4598 quam
545 4513 673 4578 bonum
691 4521 727 4578 et
745 4533 882 4578 verum:
910 4513 976 4578 hoe
998 4513 1139 4578 liberum
1159 4515 1322 4580 unicuivis
1340 4514 1404 4578 ho·

287 4609 368 4674 mini
389 4627 411 4674 a
433 4605 583 4672 Domino
605 4605 706 4672 datur
717 4628 727 4688 ;
750 4617 786 4672 et
809 4626 886 4671 cum
908 4609 1042 4692 cogitat
1065 4608 1192 4673 bonum
1215 4618 1251 4674 et
1273 4627 1403 4686 verum,
