3338 5300
331 688 466 744 NOVUM
478 687 633 742 CAELUM
646 687 694 738 ΕΤ
705 687 732 738 N
734 686 840 739 OVUM
852 685 1052 739 INFERNUM
1065 685 1113 736 AB
1126 685 1265 736 lea-N.
1277 673 1326 753 36.
1369 687 1411 753 47
1456 761 1459 768 Ι

293 869 330 928 et
347 861 401 926 cui

628 943 795 994 “benedixit
808 944 881 994 Deus
890 943 904 964 '¹
916 942 1027 1006 (Gemit.
1041 942 1080 1006 1);

292 1106 328 1162 et
346 1117 367 1160 a
385 1117 452 1179 quo
470 1095 546 1159 solo
562 1114 638 1159 cum
658 1094 764 1158 tribus
783 1093 895 1158 liberis
913 1093 1106 1177 superstite,

563 1244 718 1308 “Dispersa
729 1253 771 1294 est
782 1253 839 1292 tota
850 1242 942 1292 terra''
952 1241 1024 1306 (Gen.
1037 1243 1072 1294 ix.
1085 1242 1134 1307 19).

291 1379 404 1446 Sicine
426 1379 629 1444 hereditaria
652 1379 912 1461 generationum
938 1399 984 1441 ex
1006 1377 1146 1443 Adamo
1172 1379 1259 1443 sicut
1285 1377 1412 1443 diluvio

291 1476 465 1540 submersa
486 1472 778 1556 exstirparentur?
822 1471 901 1548 Sed,
919 1473 964 1536 mi
985 1475 1106 1548 amice,
1123 1475 1273 1556 aperiam
1296 1494 1411 1538 veram

290 1570 532 1652 scaturiginem
548 1576 768 1650 peccatorum
780 1565 946 1631 :-Omne
962 1565 1088 1630 malum
1105 1569 1296 1650 concipitur
1310 1589 1331 1631 a
1349 1569 1411 1632 Di·

290 1664 393 1729 abolo
412 1673 449 1728 ut
467 1673 575 1746 patre,
595 1671 631 1726 et
650 1663 800 1726 nascitur
818 1683 863 1726 ex
882 1660 947 1726 fide
966 1661 1148 1726 atheistica
1166 1671 1203 1726 ut
1222 1673 1331 1727 matre
1342 1685 1351 1742 ;
1375 1675 1411 1728 et

289 1759 448 1835 vicissim,
468 1757 715 1822 omnebonum
738 1757 928 1837 concipitur
946 1773 991 1820 ex
1014 1756 1164 1820 Domino
1186 1767 1224 1820 ut
1246 1767 1354 1839 patre,
1374 1767 1410 1822 et

290 1853 440 1916 nascitur
452 1872 497 1915 ex
510 1850 576 1914 fide
588 1849 760 1914 salutifera
776 1851 810 1914 in
824 1850 939 1932 Ipsum
956 1859 993 1913 ut
1009 1860 1128 1915 matre.
1163 1850 1410 1915 Generationes

290 1948 440 2010 omniurn
459 1946 625 2010 bonorum
644 1945 678 2008 in
696 1943 834 2008 infinitis
850 1945 918 2008 suis
934 1945 1175 2008 variationibus
1191 1945 1281 2028 apud
1299 1946 1409 2009 homi-

290 2063 351 2106 nes
370 2061 438 2106 non
457 2049 537 2105 sunt
556 2041 619 2103 nisi
637 2059 738 2124 quam
754 2060 799 2103 ex
819 2039 977 2121 conjugio
997 2039 1135 2103 Domini
1153 2049 1189 2103 et
1211 2040 1408 2120 Ecclesiae;

289 2147 326 2202 et
349 2157 368 2201 e
390 2147 521 2211 contra,
542 2135 782 2217 generationes
800 2135 951 2198 omnium
970 2133 1136 2198 malorum
1158 2136 1193 2198 in
1215 2137 1282 2199 suis
1301 2137 1408 2199 varia·

289 2232 437 2296 tionibus
453 2230 542 2313 apud
557 2229 635 2292 illos
650 2248 719 2292 non
735 2240 814 2294 sunt
830 2229 893 2292 nisi
908 2249 1009 2313 quam
1026 2250 1071 2292 ex
1087 2231 1257 2293 connubio
1274 2230 1409 2294 Diaboli

289 2346 367 2390 cum
393 2324 534 2408 profana
560 2324 840 2406 congregatione.
885 2321 970 2404 Quis
996 2343 1065 2386 non
1092 2325 1198 2400 novit,
1223 2335 1282 2388 aut
1309 2347 1409 2390 nosse

289 2429 416 2504 potest,
434 2418 525 2502 quod
548 2418 651 2481 homo
670 2437 690 2480 a
710 2417 859 2481 Domino
877 2417 1128 2500 regenerandus
1147 2419 1202 2494 sit,
1220 2419 1285 2483 hoc
1305 2430 1369 2496 est,
1390 2442 1409 2485 e

289 2535 380 2580 novo
398 2513 574 2588 creandus,
595 2523 630 2576 et
653 2511 743 2595 quod
762 2521 927 2595 quantum
946 2512 1010 2576 hoc
1034 2511 1072 2576 fit
1096 2523 1231 2576 tantum
1254 2517 1288 2578 in
1311 2516 1408 2578 bonis

289 2607 357 2672 siti
401 2607 485 2670 Inde
502 2608 719 2690 consequitur
734 2607 811 2682 hoc,
828 2607 919 2689 quod
938 2605 1052 2682 homo,
1070 2617 1233 2689 quantum
1251 2629 1319 2672 non
1335 2609 1408 2674 vult

290 2723 309 2766 e
332 2721 423 2764 novo
445 2701 600 2784 generari
622 2722 682 2764 seu
704 2721 723 2764 e
747 2721 837 2764 novo
860 2701 976 2778 creari,
1000 2711 1136 2765 tantum
1159 2702 1274 2766 trahat
1297 2712 1332 2768 et
1355 2726 1408 2769 re·

289 2797 397 2860 tineat
421 2795 512 2859 mala
534 2795 730 2880 parentibus
752 2795 820 2858 suis
843 2795 954 2859 insita.
1001 2795 1078 2859 Hoc
1102 2806 1156 2861 est
1178 2799 1268 2881 quod
1287 2819 1407 2862 recon-

289 2890 397 2955 ditum
415 2889 503 2954 latet
521 2891 555 2954 in
575 2890 686 2954 Primo
705 2889 892 2972 Praecepto
911 2889 1096 2972 Decalogi:

328 3038 359 3100 ‘⁸‘
367 3037 425 3102 Ego
435 3075 442 3089 .
454 3075 461 3088 .
474 3075 481 3089 .
493 3075 499 3089 .
512 3037 586 3088 Deus
597 3037 705 3096 zelotes,
719 3038 831 3087 visitans
844 3037 1010 3101 iniquitatem
1022 3047 1127 3101 patrum
1140 3053 1220 3102 super
1236 3040 1314 3100 filios,
1328 3055 1409 3105 super

419 3105 524 3153 tertiam
537 3114 564 3153 et
581 3118 661 3165 super
673 3113 793 3166 quartam
806 3104 1008 3166 generationem
1020 3105 1082 3152 odio
1094 3105 1250 3154 habentium
1263 3105 1325 3164 Me:
1346 3107 1409 3157 iaci-

418 3184 467 3219 ens
485 3179 574 3218 autem
592 3168 802 3218 misericordiam
823 3169 851 3217 in
869 3169 994 3218 millenos
1011 3179 1134 3220 amantes
1156 3170 1211 3232 Me,
1230 3181 1258 3222 et
1278 3173 1407 3224 iacientes

419 3243 561 3298 praecepta
573 3233 637 3284 Mea
643 3233 657 3253 ”
669 3233 762 3297 (Exod.
774 3249 819 3284 xx.
831 3245 854 3295 5,
865 3234 897 3294 ὸς
913 3233 1036 3284 Dextra.
1048 3249 1072 3298 9,
1085 3235 1133 3298 ιο).

347 3407 421 3489 36.
449 3405 511 3478 (ri.)
533 3404 770 3468 teneuram
793 3405 942 3468 hominurn
962 3405 1052 3488 hujus
1072 3407 1243 3482 factoriae,
1265 3409 1319 3491 qui
1340 3409 1408 3483 fuir,

286 3501 357 3580 porr
372 3495 508 3560 Ultimum
522 3495 685 3568 dudirinm,
700 3495 833 3558 [lavatio
843 3496 987 3558 fidelium
998 3497 1041 3558 ad
1051 3498 1155 3570 Deum,
1167 3517 1209 3560 er
1218 3500 1325 3581 quibus
1340 3501 1409 3564 lae·

290 3593 352 3650 ium
373 3591 548 3649 asinorum
568 3583 702 3658 Casium,
717 3589 752 3647 et
770 3585 906 3648 Remotio
927 3586 1090 3649 infidelium
1111 3607 1131 3649 a
1152 3587 1226 3661 Deo,
1241 3608 1283 3652 οι
1302 3591 1409 3672 quibus

291 3681 407 3743 {autum
422 3684 474 3741 ost
485 3697 590 3741 norum
604 3677 853 3740 [niernum-In
877 3681 1068 3760 praemissis
1086 3700 1186 3762 supra
1206 3679 1241 3764 (a
1259 3701 1291 3746 n.
1312 3699 1350 3747 10
1364 3685 1407 3747 ad

294 3793 341 3857 13,
362 3785 397 3839 et
416 3795 436 3838 a
455 3794 487 3837 n.
510 3791 549 3852 14
566 3773 609 3836 ad
632 3773 696 3856 17),
714 3773 889 3837 evoiutum
908 3783 961 3836 est
980 3775 1069 3856 quod
1089 3785 1168 3856 post
1191 3796 1407 3842 consumma-

289 3871 419 3933 tionem
438 3889 538 3951 super
557 3889 676 3932 omnes
698 3871 753 3952 qui
777 3869 909 3932 suerunt
928 3869 972 3931 ab
987 3871 1171 3952 unaquavis
1191 3871 1347 3936 Ecclesia
1362 3894 1407 3936 ex

290 3973 434 4046 quatuor
456 3963 751 4044 supranominatis,
775 3961 900 4027 fuitum
924 3963 967 4026 sit
991 3961 1146 4027 ultimum
1176 3963 1347 4046 judicium,
1372 3977 1407 4030 et

290 4067 369 4140 post
396 4057 461 4120 hoc
485 4057 529 4120 ab
551 4057 616 4120 illis
640 4077 765 4120 novum
789 4057 920 4120 caelum
944 4067 979 4120 et
1008 4077 1132 4120 novum
1156 4059 1340 4138 infernum;
1372 4071 1407 4124 et

290 4151 337 4214 sic
361 4151 451 4234 quod
476 4153 508 4214 in
532 4152 595 4216 hac
619 4151 741 4215 tellure
764 4173 863 4234 super
885 4151 1096 4215 habitatores
1119 4151 1188 4233 ejus
1211 4155 1407 4218 exstiterint

290 4255 435 4328 quatuor
456 4245 590 4327 judicia,
615 4257 650 4310 et
677 4267 722 4310 ex
750 4247 815 4311 illis
841 4256 986 4330 quatuor
1015 4247 1100 4310 caeli
1128 4257 1163 4311 et
1190 4247 1337 4327 inferna3
1372 4261 1407 4312 et

291 4341 409 4404 datum
429 4351 481 4404 est
500 4341 585 4404 scire
608 4341 698 4423 quod
721 4351 793 4405 tam
812 4341 896 4406 caeli
915 4361 1016 4424 quam
1035 4341 1163 4404 inferna
1185 4341 1243 4404 illa
1265 4343 1354 4406 inter
1372 4365 1408 4408 se

291 4434 378 4498 adeo
397 4455 530 4517 prorsus
549 4445 731 4517 segregata
750 4437 817 4499 sint
841 4445 877 4499 ut
901 4435 1123 4519 nequicquam
1142 4435 1260 4519 aliquis
1279 4457 1324 4498 ex
1347 4457 1407 4499 suo

291 4529 399 4610 possit
418 4530 560 4593 transire
583 4529 616 4592 in
635 4529 784 4594 alterius.
829 4527 958 4594 Omnes
982 4530 1016 4594 hi
1038 4529 1123 4594 caeli
1146 4530 1306 4612 descripti
1329 4541 1407 4594 sunt

292 4623 326 4686 in
344 4622 508 4705 opusculo
526 4623 569 4686 de
587 4622 618 4686 A
624 4643 713 4686 more
733 4622 943 4706 Cornicgriali;
966 4633 1001 4688 et
1020 4623 1097 4708 quia
1116 4624 1297 4707 spiritualis
1312 4625 1408 4706 origo
