3288 5294
246 663 306 729 134
561 657 612 708 DE
635 655 740 708 Novit
763 654 1039 706 HIEROSOLYMA

302 825 401 908 236.
430 823 594 889 Felicitas
616 835 771 899 aeterna,
787 843 875 906 quae
897 823 1003 887 etiam
1025 823 1187 906 gaudium
1210 823 1362 888 caeleste

242 927 396 992 vocatur,
427 928 480 981 est
511 917 576 980 illis
606 917 661 999 qui
692 917 725 979 in
756 933 871 980 amore
901 925 936 980 et
966 915 1032 979 fide
1064 917 1097 978 in
1129 915 1314 979 Dominum
1343 937 1363 978 a

244 1012 393 1075 Domino
410 1021 510 1088 sunt;
535 1010 592 1074 ille
611 1031 707 1074 amor
724 1020 760 1074 et
780 1009 839 1073 illa
858 1008 942 1073 fides
965 1010 998 1072 in
1018 1030 1055 1073 se
1074 1009 1204 1073 habent
1226 1009 1260 1072 id
1279 1029 1362 1092 gau-

243 1107 356 1168 dium:
384 1106 417 1168 in
442 1105 474 1168 id
499 1106 593 1168 venit
617 1104 722 1168 homo
745 1113 824 1186 post
848 1114 1006 1178 mortem,
1031 1105 1086 1187 qui
1108 1103 1240 1168 caelum
1270 1105 1303 1167 in
1327 1124 1363 1167 se

242 1199 369 1276 habet;
389 1200 519 1262 interea
535 1199 751 1262 reconditum
768 1197 855 1261 latet
874 1199 906 1260 in
926 1199 1062 1261 interno
1078 1196 1158 1278 ejus.
1204 1197 1243 1260 ln
1260 1197 1364 1262 caelis

243 1303 297 1358 est
316 1294 510 1357 communio
529 1293 678 1356 omnium
698 1293 886 1368 bonorum3
910 1312 991 1374 pax,
1011 1291 1253 1376 intelligentia,
1273 1293 1364 1375 sapi·

244 1387 349 1462 entia,
373 1396 409 1452 et
439 1385 584 1451 felicitas
607 1388 758 1450 omnium
789 1387 1086 1450 communicantur
1115 1387 1277 1449 unicuivis
1307 1387 1362 1462 ibi,

244 1489 400 1544 attamen
420 1480 562 1564 singulis
581 1481 767 1545 secundum
785 1481 1018 1562 receptionem
1039 1481 1164 1544 amoris
1186 1490 1222 1544 et
1245 1479 1322 1546 fidei
1344 1501 1365 1545 a

244 1573 413 1638 Domino:
442 1576 521 1639 inde
544 1585 643 1657 patet
666 1584 795 1658 quanta
818 1595 899 1658 pax,
923 1573 1164 1656 intelligentia,
1184 1574 1362 1657 sapientia,

243 1679 280 1734 et
299 1669 444 1733 felicitas
462 1671 496 1733 in
515 1667 612 1733 caelo
631 1681 694 1733 est.

303 1778 398 1848 237.
427 1765 729 1847 Quemadmodum
744 1784 842 1828 amor
859 1765 893 1828 in
909 1764 1097 1852 Dominum
1115 1774 1151 1829 et
1169 1783 1266 1828 amor
1281 1783 1364 1845 erga

244 1860 437 1942 proximum
454 1858 581 1922 faciunt
598 1859 704 1922 vitam
720 1857 807 1922 caeli
823 1857 914 1940 apud
933 1857 1118 1934 hominem,
1133 1858 1184 1922 ita
1202 1877 1298 1921 amor
1314 1857 1364 1920 sui

244 1963 280 2016 et
299 1971 394 2016 amor
410 1952 536 2024 mundi,
550 1952 687 2034 quando
703 1961 860 2033 regnant,
874 1951 1001 2015 faciunt
1018 1953 1124 2014 vitam
1141 1950 1259 2015 inferni
1275 1949 1364 2032 apud

243 2045 351 2122 illum,
371 2065 450 2108 nam
473 2045 508 2108 hi
530 2064 665 2108 amores
689 2044 755 2108 illis
779 2044 928 2127 oppositi
952 2055 1051 2108 sunt:
1084 2055 1293 2128 quapropter
1316 2042 1364 2106 illi

244 2140 333 2223 apud
350 2160 435 2222 quos
447 2159 581 2203 amores
597 2141 647 2202 sui
664 2149 699 2202 et
716 2141 832 2202 mundi
847 2149 1006 2222 regnant,
1020 2139 1104 2204 nihil
1120 2149 1263 2222 possunt
1280 2139 1364 2202 reci·

244 2257 325 2319 pere
343 2256 362 2298 e
381 2233 489 2310 caelu,
505 2234 566 2298 sed
585 2255 671 2316 quae
688 2236 854 2316 recipiunt
872 2245 951 2298 sunt
968 2255 1013 2298 ex
1030 2235 1184 2316 inferno;
1208 2232 1365 2318 quicquid

244 2333 334 2397 enirn
351 2329 455 2394 homo
471 2339 564 2394 amat
581 2340 616 2394 et
636 2330 794 2414 quicquid
810 2331 930 2404 credit,
948 2329 1002 2393 vel
1022 2351 1041 2393 e
1060 2329 1158 2394 caelo
1173 2339 1226 2392 est
1245 2327 1300 2394 vel
1319 2348 1365 2392 ex

244 2425 376 2490 inferno
391 2434 454 2505 est.

304 2520 402 2604 138.
430 2518 485 2584 11Ιί
503 2519 594 2602 apud
612 2537 699 2602 quos
716 2537 813 2582 amor
831 2519 882 2582 sui
900 2527 935 2581 et
954 2537 1051 2582 amor
1069 2519 1186 2582 mundi
1204 2525 1363 2603 regnant,

244 2633 314 2678 non
333 2614 443 2677 sciunt
463 2612 541 2694 quid
560 2611 693 2675 caelum
716 2621 752 2674 et
775 2611 855 2694 quid
877 2610 1023 2674 felicitas
1042 2610 1139 2688 caeli,
1159 2621 1195 2675 et
1219 2611 1363 2676 incredi-

244 2707 311 2772 bile
328 2707 394 2772 illis
406 2715 549 2790 apparet
564 2707 656 2789 quod
672 2705 817 2770 felicitas
832 2707 867 2770 in
882 2706 957 2770 aliis
969 2707 1140 2771 amoribus
1152 2707 1252 2770 detur
1263 2725 1363 2790 quam

243 2803 278 2868 in
297 2801 385 2880 illis;
409 2821 486 2866 cum
505 2809 623 2865 tamen
639 2810 775 2864 tantum
795 2801 900 2864 intrat
919 2799 1064 2864 felicitas
1083 2800 1180 2875 caeli,
1197 2811 1363 2884 quantum

243 2897 293 2961 illi
308 2917 442 2960 amores
458 2906 495 2961 ut
511 2894 595 2960 fines
610 2905 849 2960 removentur:
869 2894 1023 2970 felicitas,
1037 2915 1123 2978 quae
1140 2894 1207 2958 illis
1222 2895 1363 2958 remotis

243 2992 408 3066 succedit,
429 3001 481 3054 est
502 2999 601 3054 tanta
620 2999 656 3052 ut
677 2988 827 3053 excedat
846 3009 983 3053 omnem
1003 2999 1142 3071 captum
1162 2988 1319 3054 hominis.

304 3101 404 3170 239.
432 3085 515 3151 Vita
542 3085 691 3150 hominis
713 3105 781 3150 non
804 3087 928 3149 mutari
954 3095 1071 3167 potest
1095 3095 1173 3166 post
1196 3097 1363 3161 mortem;

244 3189 362 3244 manet
375 3188 456 3243 tunc
469 3177 577 3261 qualis
593 3177 701 3242 fuerat
715 3199 722 3256 ;
747 3197 826 3242 nam
839 3178 977 3260 spiritus
990 3178 1135 3242 hominis
1151 3185 1246 3242 totus
1258 3197 1363 3260 quan·

245 3283 301 3336 tus
319 3282 373 3336 est
391 3272 500 3354 qualis
518 3271 588 3353 ejus
607 3291 713 3346 amor,
734 3281 770 3336 et
793 3291 889 3335 amor
907 3272 1080 3336 infernalis
1099 3292 1167 3336 non
1187 3271 1364 3336 transcribi

246 3376 363 3452 potest
379 3367 413 3431 in
429 3385 579 3431 amorem
597 3367 795 3442 caelestem,
812 3369 971 3450 quoniam
988 3369 1137 3450 oppositi
1153 3377 1242 3430 sunt.
1288 3366 1364 3432 Hoc

245 3461 448 3544 intelligitur
465 3481 524 3544 per
543 3461 734 3524 Abrahami
753 3461 857 3524 verba
875 3461 919 3524 ad
938 3462 1081 3526 divitem
1097 3461 1131 3526 in
1149 3461 1290 3536 inferno,

295 3598 310 3620 ‘⁸
318 3595 416 3646 Hiatus
429 3609 544 3658 magnus
555 3605 609 3645 est.
619 3595 701 3644 .lnter
712 3608 763 3643 vos
774 3603 802 3643 et
815 3608 875 3654 nos,
887 3603 916 3644 ut
930 3593 967 3644 illi
981 3569 1025 3660 qui
1037 3593 1132 3644 volunt
1143 3595 1259 3644 transire
1270 3593 1304 3646 ad
1317 3607 1365 3643 voe

376 3676 431 3712 non
445 3661 556 3724 possint,
570 3675 656 3724 neque
668 3661 749 3710 etlam
763 3659 841 3709 istlnc
853 3659 967 3709 transire
979 3659 1014 3712 ad
1028 3674 1078 3709 nos
1085 3659 1100 3680 ”
1112 3659 1184 3724 (Luc.
1197 3659 1249 3710 xul.
1259 3659 1309 3721 adt

247 3799 332 3864 Inde
350 3806 448 3880 patet
471 3797 561 3880 quod
584 3797 641 3879 qui
664 3797 697 3859 in
720 3795 886 3860 infernum
905 3797 1057 3870 veniunt,
1077 3796 1122 3860 ibi
1146 3805 1309 3860 maneant
1332 3795 1365 3860 in

246 3903 444 3972 aeternum;
467 3901 503 3956 et
520 3891 576 3974 qui
592 3892 625 3954 in
641 3890 774 3956 caelum
790 3891 944 3966 veniunt,
962 3891 1007 3954 ibi
1022 3900 1186 3955 maneant
1202 3891 1236 3953 in
1252 3901 1364 3956 aeter·

247 4007 340 4052 num.

299 4253 390 4318 140.
415 4243 564 4318 Quoniam
573 4243 611 4300 de
622 4243 713 4300 Caelo
725 4255 756 4299 et
770 4243 891 4299 lnfemo
905 4244 935 4298 in
945 4243 1085 4317 singulari
1099 4259 1189 4315 opere
1199 4241 1298 4298 atium
1311 4251 1366 4306 est,

246 4336 278 4382 et
291 4325 330 4380 ibi
343 4341 463 4398 quoque
475 4321 604 4380 adducta
616 4335 686 4380 sunt
699 4339 775 4394 quae
788 4325 818 4379 in
828 4326 958 4379 Arcanis
968 4324 1137 4380 caelestibus
1149 4325 1186 4380 de
1200 4323 1258 4379 illis
1271 4323 1367 4380 conti·

247 4417 365 4470 nentur,
378 4407 446 4462 ideo
459 4421 520 4461 non
532 4421 609 4475 opus
621 4415 668 4462 est
680 4405 729 4460 hic
742 4406 830 4476 plura
840 4405 958 4462 addere.
