3338 5300
297 671 339 721 20
768 668 940 720 CORONIS.

296 839 386 922 quod
405 841 439 902 in
459 839 613 904 Ecclesia
629 858 697 902 non
714 858 823 914 mane,
841 839 912 902 dies
928 847 963 902 et
979 858 1131 922 vespera,
1148 839 1208 902 sed
1227 859 1318 904 nox:
1342 849 1415 905 tum

297 933 376 1016 quid
395 955 454 1016 per

346 1063 500 1192 “Teupppsg
520 1073 651 1127 tempora,
671 1071 698 1114 et
718 1062 858 1112 dimidium
876 1062 1007 1126 temporis
1016 1061 1030 1082 ”
1042 1061 1130 1128 (Apoc.
1144 1063 1190 1113 xii.
1207 1076 1255 1126 14;
1278 1063 1351 1116 Dan.
1366 1064 1412 1116 xli.

296 1253 333 1308 ut
352 1254 388 1308 et
407 1243 486 1327 quid
503 1263 562 1326 per

474 1373 491 1396 ¹⁸
501 1371 698 1422 Plenitudinem
711 1367 865 1434 temporis’'
876 1368 955 1436 (Epi.
968 1371 985 1420 i.
999 1367 1067 1430 101¹1;
1088 1369 1144 1421 Gal.
1157 1371 1191 1421 iv.
1201 1371 1235 1433 4).

359 1517 403 1580 6.
434 1515 499 1593 (iii)
524 1508 609 1584 Quod
633 1511 663 1574 in
688 1511 793 1594 quavis
817 1509 959 1575 [eclesia
987 1518 1176 1575 consecutus
1199 1513 1263 1576 rint
1285 1519 1416 1596 quanm

295 1613 398 1672 statvs
418 1604 620 1669 murationes:
641 1621 770 1686 quarum
787 1602 887 1684 primu
908 1602 968 1664 {vit
985 1601 1136 1684 Appositis
1157 1603 1274 1666 domini
1291 1605 1415 1668 Jehovih

296 1719 336 1762 uo
357 1694 540 1777 Redemptio,
556 1700 590 1756 st
609 1699 681 1756 tuno
702 1692 768 1775 ojus
789 1692 876 1756 lano
897 1711 954 1756 sev
977 1691 1089 1766 Ortum
1112 1695 1250 1758 secvndo
1272 1697 1331 1760 luit
1349 1697 1414 1780 ojus

296 1787 471 1860 instructio,
494 1791 528 1848 et
551 1790 624 1847 tuno
648 1784 715 1866 ojus
740 1783 812 1846 vies
835 1802 893 1846 rev
916 1783 1118 1864 Propmcicu
1149 1786 1243 1848 tar-tiu
1267 1787 1327 1850 fuir
1349 1789 1414 1870 ejvs

296 1876 474 1948 declinatio,
493 1880 527 1938 ot
545 1879 618 1937 tune
639 1873 707 1956 alva
730 1873 862 1954 reum
882 1892 940 1936 sou
963 1872 1116 1948 Vuslclim
1137 1882 1248 1956 quartu
1271 1877 1414 1960 faicosus

295 1968 387 2040 fieris,
402 1973 437 2030 at
455 1972 527 2029 tuno
545 1965 612 2048 ojus
627 1963 760 2027 llorcov
781 1963 1156 2046 &nammatio—Quod
1179 1967 1322 2050 cujusvis
1346 1969 1412 2032 Ec·

295 2059 417 2124 clesiae
433 2071 577 2143 quatuor
592 2069 703 2122 status
719 2059 899 2122 successivi
915 2058 1048 2134 luerint,
1062 2061 1117 2141 qui
1133 2061 1165 2123 in
1179 2059 1296 2125 Verbo
1312 2063 1412 2126 intel-

295 2153 445 2236 liguntur
472 2175 531 2237 per
555 2153 711 2228 “mane''
735 2151 883 2228 “diem‚”
907 2154 1138 2236 “vesperam'’
1160 2165 1195 2218 et
1220 2154 1413 2230 “noctem‘’

294 2249 328 2311 in
355 2269 437 2312 mox
464 2247 690 2332 praecedente
716 2247 859 2310 articulo
886 2257 1060 2311 ostensum
1087 2257 1149 2312 est.
1203 2247 1305 2330 Quod
1332 2273 1412 2315 una·

295 2336 431 2426 quae‘vis
462 2341 616 2406 Ecclesia
646 2363 690 2405 ex
717 2351 860 2424 quatuor
886 2343 1168 2424 supranominatis
1198 2345 1274 2408 illos
1304 2357 1412 2410 status

294 2439 465 2513 subiverit,
493 2437 526 2500 in
556 2437 784 2518 sequentibus,
815 2437 871 2500 ubi
900 2437 943 2500 de
973 2437 1113 2519 singulis
1142 2439 1175 2500 in
1206 2459 1267 2502 suo
1296 2442 1411 2505 ordine

295 2533 512 2615 transigetur,
536 2530 636 2614 plene
660 2529 929 2608 confirmabitur;
960 2541 995 2594 et
1025 2541 1106 2595 tunc
1129 2533 1218 2614 quod
1248 2537 1412 2616 apparitio

295 2625 432 2690 Domini
457 2625 599 2708 Jehovih
629 2636 663 2688 et
690 2625 881 2707 redemptio
903 2625 1000 2688 suerit
1024 2625 1093 2706 ejus
1113 2646 1222 2702 mane,
1247 2631 1338 2711 quod
1362 2631 1410 2693 in·

295 2719 435 2785 strudtio
457 2721 554 2784 suerit
577 2719 647 2801 ejus
670 2721 741 2783 dies
763 2739 821 2783 seu
846 2721 1037 2802 progressio
1059 2722 1091 2783 in
1117 2720 1236 2796 lucem,
1256 2725 1410 2807 quodque

288 2815 477 2878 declinatio
503 2815 600 2878 luerit
626 2813 695 2895 ejus
723 2833 864 2896 vespera
889 2835 947 2876 seu
974 2817 1131 2885 vastatio.
1157 2827 1192 2878 et
1222 2818 1313 2899 quod
1343 2820 1410 2900 ejus

295 2907 368 2972 linis
397 2909 494 2972 suerit
524 2907 593 2989 ejus
620 2928 690 2971 nox
726 2927 785 2971 seu
814 2909 1071 2972 consummatio.
1122 2909 1160 2972 In
1188 2909 1315 2988 Verbo,
1341 2923 1410 2977 tam

294 3003 327 3064 in
346 3002 415 3084 ejus
433 3003 601 3066 historicis
624 3021 724 3084 quam
743 3003 776 3064 in
795 3001 864 3082 ejus
887 3003 1102 3086 propheticis,
1120 3005 1163 3068 de
1185 3015 1330 3090 quatuor
1347 3007 1410 3071 illis

293 3106 403 3161 status
423 3097 665 3161 mutationibus
684 3097 791 3159 ubivis
809 3097 929 3178 agitur.

356 3203 395 3272 7.
425 3190 520 3255 Ordo
542 3192 575 3254 in
598 3209 697 3274 quern
717 3192 826 3254 omnis
849 3191 953 3254 homo
975 3211 995 3254 a
1019 3190 1093 3254 Deo
1117 3203 1249 3258 creatus
1273 3205 1337 3272 est,
1357 3207 1409 3261 est

293 3295 330 3349 ut
349 3297 427 3368 post
446 3286 620 3350 infantiam
643 3283 702 3349 fiat
724 3285 847 3363 homo;
871 3305 949 3348 nam
965 3286 1044 3348 dum
1061 3292 1219 3363 nascitur,
1236 3302 1289 3354 est
1308 3293 1409 3356 modo

293 3390 437 3444 externa
463 3382 576 3464 imago
603 3401 661 3444 seu
688 3379 794 3443 forma
820 3380 975 3456 hominis,
1000 3389 1034 3444 et
1063 3391 1143 3445 tunc
1171 3385 1281 3448 minus
1307 3386 1409 3450 homo

293 3497 393 3558 quam
416 3477 525 3540 bestia
543 3497 660 3540 recens
679 3485 760 3539 nata
783 3487 834 3540 est
857 3477 985 3540 bestia:
1019 3487 1053 3540 at
1078 3489 1239 3560 quantum
1264 3483 1353 3546 intus
1375 3485 1407 3546 in

292 3571 355 3634 hac
372 3571 478 3634 forma
490 3571 602 3654 quoad
619 3590 711 3634 suam
725 3579 875 3634 mentem
892 3591 950 3634 seu
967 3591 1060 3633 suum
1074 3574 1225 3654 spiritum
1242 3575 1409 3657 perficitur

199 3711 202 3718 .
293 3666 458 3748 sapientia
476 3676 512 3730 et
531 3685 655 3740 amore,
676 3675 809 3728 tantum
829 3664 866 3728 lit
885 3665 998 3730 homo.
1045 3665 1159 3730 Homo
1178 3679 1230 3731 est
1250 3671 1337 3734 sicut
1356 3691 1407 3734 ar·

291 3759 363 3833 bor,
380 3780 466 3841 quae
482 3761 624 3842 primum
640 3781 684 3824 ex
702 3761 829 3822 semine
845 3762 1012 3824 excrescit
1028 3761 1060 3822 in
1077 3761 1257 3839 surculum,
1275 3775 1310 3827 et
1327 3765 1406 3827 dum

292 3854 430 3916 enititur
453 3855 485 3916 in
510 3853 616 3916 altum
639 3855 766 3916 emittit
790 3873 901 3918 ramos
924 3863 959 3918 et
982 3875 1026 3918 ex
1051 3855 1102 3918 his
1125 3855 1271 3934 frondes,
1295 3879 1334 3922 ac
1357 3859 1406 3922 in·

291 3949 394 4011 vestit
413 3969 449 4012 se
464 3947 589 4030 jugiter
607 3946 712 4026 soliis;
736 3958 770 4012 et
790 3949 869 4010 dum
889 3950 1096 4023 maturescit,
1116 3952 1206 4032 quod
1226 3951 1263 4014 lit
1282 3954 1315 4014 in
1336 3973 1406 4016 me·

291 4042 346 4105 dia
368 4041 437 4124 ejus
459 4051 584 4116 aetate,
609 4041 760 4106 excludit
787 4041 894 4116 liores,
919 4053 953 4106 et
981 4043 1134 4125 producit
1157 4043 1291 4122 fructus,
1315 4059 1350 4110 et
1373 4049 1406 4112 in

291 4139 477 4220 unoquovis
500 4138 595 4219 ponit
614 4137 753 4212 semina,
773 4157 858 4220 quae
881 4138 914 4200 in
936 4147 1059 4201 terram
1083 4149 1119 4202 ut
1143 4141 1176 4201 in
1196 4149 1326 4205 uterum
1345 4143 1405 4205 im·
1520 4147 1525 4156 '

291 4232 393 4294 missa
411 4241 613 4295 excrescunt
632 4231 664 4294 in
688 4231 812 4294 similes
830 4231 966 4294 arbores
986 4241 1020 4296 et
1040 4233 1086 4297 sic
1106 4234 1138 4296 in
1157 4233 1302 4298 hortum.
1347 4237 1403 4312 Et,

290 4327 317 4389 si
337 4325 473 4388 credere
489 4323 601 4400 vultis,
618 4325 707 4388 idem
726 4324 782 4388 ille
801 4325 919 4388 hortus
935 4337 1012 4408 post
1029 4337 1173 4390 mortem
1190 4330 1278 4410 apud
1297 4331 1404 4394 homi·

290 4439 367 4484 nem
395 4427 580 4501 permanet,
604 4419 736 4483 habitat
764 4420 796 4482 in
823 4419 892 4495 illo,
916 4439 955 4483 ac
982 4421 1158 4485 deliciatur
1184 4425 1334 4505 quotidie
1360 4446 1402 4488 ex

289 4511 428 4596 aspedtu
451 4512 520 4594 ejus
543 4523 578 4577 et
605 4533 650 4576 ex
674 4535 734 4577 usu
756 4511 919 4578 fruetuum
944 4514 1033 4596 ejus;
1067 4515 1124 4580 ille
1147 4515 1251 4582 homo
1274 4520 1403 4603 estqui

289 4609 488 4672 describitur
506 4609 593 4691 apud
614 4609 778 4672 Davidem
797 4607 848 4672 his
867 4611 996 4673 verbis:
