3322 5298
298 674 340 738 68
572 685 747 738 emortus
770 686 899 738 novun
922 685 1136 738 sccuasmn.

300 854 413 937 Quare
436 855 498 919 nisi
522 874 610 919 nova
632 854 778 920 ecclesia
799 875 820 920 a
847 855 996 920 Domino
1019 855 1234 931 instauretur,
1259 875 1345 938 quae
1375 864 1411 920 et

299 950 478 1014 ecclesiam
501 960 537 1014 et
556 949 707 1013 Verbum
735 969 814 1014 suae
843 950 1035 1032 integritati
1057 951 1218 1024 restituit,
1236 969 1304 1013 non
1327 969 1412 1013 con·

299 1045 424 1108 servari
439 1045 547 1126 possit
566 1043 635 1107 ulla
651 1063 740 1106 caro.

365 1151 391 1218 5.
422 1135 523 1218 Quod
542 1136 589 1199 illi
608 1137 715 1220 quiin
734 1135 799 1200 lide
818 1135 1003 1200 hodiernae
1021 1135 1185 1200 ecclesiae
1204 1144 1295 1210 sunt,
1308 1135 1411 1200 intel·

299 1229 449 1312 ligantur
464 1250 523 1312 per
540 1230 752 1293 “draconem
762 1229 777 1256 ’'
792 1239 829 1294 et
843 1227 1206 1312 “pseudoprophetam
1218 1227 1245 1306 ;”
1267 1237 1303 1292 et
1318 1229 1411 1312 quod

299 1326 372 1406 ipsa
388 1323 446 1386 illa
462 1323 545 1388 fides
561 1344 621 1406 per
638 1330 806 1406 “puteum
821 1324 936 1404 abyssi
948 1323 964 1348 ”
979 1343 1024 1387 ex
1040 1343 1107 1405 quo
1123 1322 1277 1388 locustae
1294 1324 1411 1388 exive-

299 1428 387 1492 runt,
405 1427 442 1480 ut
461 1427 497 1481 et
513 1438 572 1500 per
586 1423 775 1499 “magnam
794 1417 910 1480 urbem
930 1438 1015 1499 quae
1034 1417 1255 1498 spiritualiter
1270 1427 1412 1481 vocatur

300 1509 449 1574 Sodoma
462 1523 497 1575 et
510 1511 723 1594 Aegyptus,'’
736 1511 791 1574 ubi
806 1512 876 1574 bini
891 1521 1001 1575 testes
1013 1512 1116 1575 occisi
1128 1521 1219 1587 sunt,
1232 1513 1267 1574 in
1279 1511 1310 1574 A
1310 1522 1410 1593 poca·

300 1604 391 1686 lypsi
405 1605 565 1669 Revelata
583 1615 758 1669 ostensum
778 1614 851 1682 est;
878 1605 1032 1669 similiter
1050 1606 1141 1690 quod
1163 1606 1208 1670 ibi
1231 1625 1291 1688 per
1310 1605 1411 1669 “No-

202 1712 206 1722 ·
301 1719 379 1762 vam
403 1698 701 1780 Hierosolymam”
721 1698 819 1762 Nova
838 1698 996 1764 Ecclesia
1014 1696 1189 1764 intelledta
1207 1701 1262 1762 sit.
1308 1697 1412 1781 [Vide

300 1793 414 1874 Apoc„
438 1812 511 1875 cap.
535 1794 593 1868 ix,
613 1794 671 1867 xi,
695 1794 765 1868 xii,
790 1813 863 1870 xx,
888 1793 976 1876 xxi]
1031 1791 1200 1874 Quoniam
1223 1793 1268 1856 ibi
1290 1793 1412 1856 dicitur

301 1887 391 1969 quod
408 1896 589 1968 postquam
608 1887 711 1949 draco
726 1896 762 1950 et
779 1885 1078 1969 pseudopropheta
1093 1888 1127 1950 in
1146 1886 1310 1950 internum
1327 1905 1410 1949 con·

298 1977 378 2062 jetti
401 1989 491 2054 sunt,
511 1999 555 2043 ex
579 1979 675 2043 caelo
691 2001 711 2042 a
734 1980 809 2044 Deo
827 1981 1042 2044 descenderit
1062 1979 1160 2044 Nova
1181 1980 1410 2061 Hiersolyma,

302 2083 399 2156 patet
422 2075 512 2156 quod
539 2084 719 2156 postquam
747 2073 831 2138 fides
854 2075 1038 2138 hodiernae
1062 2073 1226 2137 ecclesiae
1249 2075 1411 2138 damnata

302 2178 366 2242 est,
385 2167 483 2230 Nova
502 2167 658 2232 Ecclesia
676 2189 695 2232 e
715 2168 815 2232 Novo
834 2167 939 2232 Caelo
957 2189 978 2231 a
997 2169 1144 2232 Domino
1162 2169 1349 2232 descendat
1372 2189 1410 2232 ac

302 2259 536 2326 ¹¹¹instituatur.

364 2355 394 2418 6.
425 2355 482 2418 Ex
506 2355 558 2418 his
580 2365 677 2438 patet
696 2356 786 2438 quod
810 2357 872 2419 nisi
895 2375 984 2418 nova
1007 2355 1151 2419 ecclesia
1173 2357 1302 2420 existat
1326 2377 1411 2439 quae

302 2449 418 2512 abolet
438 2449 537 2512 fidem
557 2451 590 2512 in
614 2459 683 2512 tres
703 2451 795 2512 Deos
811 2459 846 2512 et
866 2450 984 2531 recipit
1004 2447 1104 2512 fidem
1121 2449 1154 2511 in
1171 2469 1273 2512 unum
1290 2449 1410 2524 Deum,

302 2545 351 2606 ita
363 2545 397 2605 in
411 2543 593 2606 Dominum
611 2543 725 2624 Jesum
739 2541 922 2616 Christum,
939 2553 975 2606 et
988 2543 1087 2606 simul
1103 2543 1191 2606 hanc
1208 2563 1284 2606 cum
1301 2544 1411 2607 chari·

303 2646 376 2700 tate
394 2637 428 2699 in
444 2647 548 2700 'unam
571 2636 712 2700 formam
736 2635 922 2718 conjungit,
943 2655 1010 2698 non
1030 2637 1138 2718 possit
1161 2636 1230 2698 ulla
1247 2657 1326 2700 caro
1344 2639 1411 2700 sal·

302 2750 382 2794 van.

366 2843 395 2905 7.
426 2825 593 2888 Videatur
605 2825 708 2888 etiam
722 2845 831 2906 supra,
846 2844 922 2906 pag.
939 2822 1020 2906 [4o],
1034 2823 1124 2906 quod
1140 2824 1329 2906 redemptio
1345 2845 1412 2888 non

304 2925 452 3006 potuerit
471 2923 569 2998 effici,
586 2932 622 2986 et
641 2923 719 2986 inde
739 2941 800 2984 nec
820 2921 966 2984 salvatio
984 2923 1066 2995 dari,
1087 2923 1150 2984 nisi
1168 2943 1189 2984 a
1212 2921 1287 2984 Deo
1305 2923 1413 2985 incar·

304 3027 397 3092 nato,
411 3020 458 3082 ita
478 3037 544 3080 non
564 3017 607 3080 ab
623 3015 690 3080 alio
708 3034 809 3098 quam
827 3035 848 3078 a
865 3015 939 3078 Deo
956 3015 1186 3096 Redemptore
1204 3015 1283 3096 Jesu
1299 3014 1413 3078 Chris-

304 3121 352 3186 to,
370 3114 448 3194 quia
466 3111 611 3174 salvatio
630 3120 682 3174 est
702 3118 865 3192 perpetua
880 3109 1091 3191 redemptio:
1116 3119 1188 3171 tum
1205 3110 1308 3172 etiam
1324 3110 1413 3191 quod

305 3207 407 3280 Deus,
432 3205 526 3279 fides,
551 3215 585 3268 et
609 3205 757 3268 charitas
780 3203 848 3266 sint
871 3204 935 3266 tria
958 3203 1153 3266 essentialia
1178 3203 1354 3276 ecclesiae,
1378 3214 1413 3266 et

304 3301 394 3382 quod
424 3300 467 3363 ab
497 3301 562 3362 illis
592 3301 747 3362 universa
777 3297 964 3378 theologia,
995 3299 1044 3360 ita
1073 3296 1227 3370 ecclesia,
1256 3299 1413 3379 pendeat.

306 3393 418 3475 Quare
441 3395 496 3456 ubi
523 3395 565 3456 de
595 3394 702 3456 tribus
729 3391 795 3456 illis
823 3391 908 3454 falsa
937 3391 1116 3454 traduntur
1144 3400 1180 3454 et
1210 3391 1412 3464 imbuuntur,

305 3489 434 3551 homini
452 3507 520 3550 non
537 3496 589 3550 est
606 3486 705 3549 salus.

368 3647 397 3716 7.
431 3629 747 3712 Clausala-Quod
764 3648 865 3693 nemo
881 3629 988 3711 possit
1005 3627 1149 3711 posthac
1162 3627 1276 3690 venire
1292 3625 1325 3690 in
1337 3644 1414 3690 cae·

515 3728 584 3790 lum
615 3727 677 3788 nisi
707 3726 740 3787 in
770 3721 924 3787 dodtrina
955 3723 1073 3786 Novae
1101 3722 1277 3786 Ecclesiae
1303 3722 1414 3806 quoad

515 3819 617 3884 fidem
633 3829 668 3882 et
681 3819 787 3881 vitam
801 3819 854 3880 sit.
892 3815 1001 3882 Causa
1013 3827 1077 3892 est,
1090 3817 1167 3900 quia
1180 3815 1315 3879 Novum
1328 3813 1414 3878 Cae-

516 3913 595 3988 lum,
613 3911 703 3996 quod
722 3933 742 3974 a
759 3911 909 3974 Domino
926 3929 1012 3973 nunc
1032 3911 1255 3973 instauratum
1278 3917 1342 3984 est,
1362 3917 1415 3973 est

515 4007 550 4073 in
568 4005 633 4071 fide
651 4015 687 4070 et
706 4005 776 4069 vita
795 4003 979 4068 secundum
999 4003 1091 4067 illam
1110 4003 1312 4068 doctrinam.
