3288 5294
437 661 486 712 ar
508 660 593 728 usus
615 659 814 714 nocrnum
834 661 1109 716 caessara-u.
1129 649 1197 732 196.
1314 665 1371 732 115

256 841 330 910 est;
364 841 573 915 quapropter
598 851 734 916 pugnae
755 831 835 898 illae
859 852 929 897 non
959 831 1050 916 prius
1078 832 1169 916 apud
1198 831 1373 896 hominem

256 927 411 991 existunt
429 945 532 1008 quam
550 945 627 990 curn
645 928 673 990 is
691 937 809 992 aetate
823 926 985 992 adolevit.

314 1037 409 1104 ιφ.
436 1021 473 1086 Si
491 1023 596 1086 homo
611 1023 816 1098 succumbit,
832 1021 871 1086 fit
886 1032 998 1086 status
1016 1022 1088 1104 ejus
1106 1031 1187 1105 post
1205 1022 1373 1086 tentatio-

256 1133 334 1178 nem
349 1114 443 1198 pejor
458 1125 554 1179 statu
572 1113 643 1196 ejus
657 1124 739 1179 ante
755 1114 860 1191 illam,
876 1116 1001 1200 quippe
1017 1115 1144 1178 malurn
1160 1125 1241 1179 tunc
1257 1114 1373 1196 acqui-

255 1209 334 1272 sivit
350 1209 412 1272 sibi
428 1209 620 1292 potentiam
636 1209 889 1292 superbonum,
907 1219 942 1274 et
959 1209 1080 1274 salsum
1097 1229 1197 1292 super
1211 1229 1337 1272 verum.

318 1319 418 1386 193·
448 1301 619 1386 Quoniam
639 1303 741 1367 hodie
758 1302 842 1368 fides
860 1325 937 1368 rara
954 1313 1008 1368 est
1027 1304 1105 1386 quia
1124 1323 1192 1367 non
1212 1303 1372 1376 charitas,

255 1405 309 1460 est
325 1397 416 1460 enim
431 1395 577 1462 ecclesia
592 1398 626 1462 in
642 1417 704 1462 suo
722 1395 799 1472 fine,
816 1397 943 1461 idcirco
958 1398 1055 1482 pauci
1074 1397 1175 1461 hodie
1194 1398 1227 1460 in
1243 1396 1374 1480 aliquas

256 1493 470 1555 tentationes
497 1491 691 1576 spirituales
717 1493 967 1556 admittuntur:
1002 1492 1082 1556 inde
1112 1502 1176 1568 est,
1200 1491 1291 1576 quod
1314 1491 1374 1554 vix

256 1586 382 1650 sciatur
399 1586 479 1670 quid
498 1597 578 1651 sunt
598 1587 696 1651 etad
715 1587 794 1669 quid
813 1587 1020 1650 conducunt.

319 1700 419 1768 194.
449 1685 678 1750 Tentationes
700 1685 898 1750 conducunt
924 1685 969 1748 ad
998 1685 1240 1768 acquirendum
1263 1685 1373 1748 domi·

256 1778 349 1841 nium
377 1779 471 1842 bono
495 1799 595 1862 super
613 1778 741 1842 malum
766 1797 908 1844 acuero
931 1799 1031 1862 super
1054 1778 1200 1856 lalsum;
1233 1787 1306 1842 turn
1329 1779 1373 1841 ad

256 1870 489 1938 confirmanda
506 1893 597 1947 vera,
614 1883 651 1937 et
673 1873 718 1936 ad
744 1872 984 1956 conjungenda
1006 1873 1065 1936 illa
1087 1873 1196 1948 bonis,
1216 1881 1252 1936 et
1274 1872 1373 1936 simul

255 1966 300 2030 ad
327 1967 542 2031 discutienda
564 1967 656 2030 mala
678 1976 714 2031 et
737 1967 817 2030 inde
839 1967 943 2030 salsa:
978 1967 1176 2031 conducunt
1198 1967 1303 2030 etiam
1329 1967 1374 2029 ad

256 2061 476 2143 aperiendum
492 2061 663 2125 internum
679 2060 889 2144 spiritualem
905 2061 1090 2136 hominem,
1108 2071 1143 2124 et
1163 2060 1206 2123 ad
1222 2061 1252 2123 ei
1271 2059 1373 2142 subji-

256 2155 414 2220 ciendum
433 2153 645 2234 naturalem,
669 2164 743 2220 tum
761 2175 896 2239 quoque
911 2156 955 2220 ad
974 2154 1224 2238 infringendum
1240 2173 1374 2218 amores

256 2249 307 2312 sui
325 2259 361 2313 et
378 2249 506 2324 mundi,
526 2259 562 2313 et
580 2250 625 2312 ad
643 2249 852 2312 domandum
870 2249 1166 2332 concupiscentias
1187 2269 1273 2331 quae
1295 2249 1374 2312 inde

257 2353 346 2408 sunt.
399 2341 530 2425 Quibus
560 2340 668 2418 latiis,
693 2342 822 2406 homini
849 2341 888 2407 fit
917 2343 1103 2407 illustratio
1133 2353 1168 2407 et
1198 2344 1374 2425 perceptio

257 2438 337 2520 quid
355 2457 473 2502 verum
492 2447 528 2502 et
550 2439 689 2513 bonurn,
707 2447 744 2502 et
766 2437 846 2520 quid
869 2437 991 2502 falsum
1010 2448 1046 2502 et
1063 2437 1210 2514 malum;
1234 2437 1312 2500 inde
1335 2435 1373 2502 fit

256 2531 386 2596 homini
403 2531 634 2615 intelligentia
652 2541 688 2597 et
707 2533 886 2614 sapientia,
903 2552 990 2616 quae
1012 2542 1134 2614 postea
1152 2531 1260 2594 indies
1282 2551 1373 2596 cres·

257 2637 350 2691 cunt.
1040 2633 1046 2652 ¹

320 2743 419 2812 195·
448 2725 550 2792 Solus
569 2727 737 2792 Dominus
759 2746 821 2810 pro
839 2725 979 2791 homine
1002 2737 1134 2810 pugnat
1153 2727 1186 2790 in
1206 2727 1374 2790 tentatio·

258 2821 376 2885 nibus:
408 2822 436 2884 si
462 2821 567 2886 homo
589 2840 658 2884 non
685 2821 794 2885 credit
817 2821 908 2904 quod
934 2821 1101 2885 Dominus
1124 2821 1217 2884 solus
1244 2832 1374 2904 pugnet

257 2935 319 2998 pro
336 2915 397 2980 illo
419 2925 455 2980 et
474 2916 580 2980 vincit
603 2935 665 2997 pro
686 2915 758 2990 illo,
779 2924 860 2979 tunc
884 2917 1114 2980 tentationem
1133 2916 1238 2980 modo
1256 2925 1374 2981 exter·

257 3029 337 3075 nam
355 3011 458 3088 subit,
470 3031 557 3094 quae
572 3011 604 3074 ei
619 3029 689 3074 non
704 3009 878 3074 conducit.

654 3201 692 3252 (u
705 3209 801 3243 mann
812 3199 974 3254 mmm)

309 3315 402 3385 196.
426 3315 598 3386 Antequam
611 3315 783 3370 summatim
797 3315 924 3370 traditur
935 3315 1006 3385 quid
1021 3314 1049 3368 in
1063 3316 1193 3370 Arcam's
1206 3314 1376 3370 Caelestinus

259 3395 297 3450 de
315 3395 533 3450 tentationibus
551 3395 694 3466 scriptum
713 3403 768 3456 est,
786 3395 900 3465 aliquid
919 3394 1114 3465 praefandum
1134 3407 1180 3451 est
1199 3396 1237 3450 de
1256 3395 1322 3457 illis,
1341 3405 1376 3450 ut

257 3475 364 3531 clarius
381 3475 480 3530 adbuc
500 3475 612 3530 sciatur
630 3475 779 3529 undenam
801 3485 880 3530 sunt.
917 3474 1058 3530 Tentatio
1076 3475 1238 3545 spiritualis
1256 3475 1375 3536 dicitur,

256 3570 324 3610 cum
335 3555 415 3610 intus
425 3555 455 3610 in
465 3555 587 3610 bomine
597 3555 808 3626 impugnantur
816 3571 886 3610 vera
896 3554 973 3617 fidei,
983 3571 1059 3626 quae
1069 3555 1162 3611 homo
1170 3555 1261 3611 corde
1271 3556 1375 3618 credit,

256 3646 287 3690 et
302 3635 466 3691 secundum
482 3651 559 3707 quae
573 3635 674 3690 vivere
688 3645 785 3698 amat;
808 3635 952 3706 imprimis
968 3651 1036 3690 cum
1056 3635 1248 3708 impugnatur
1262 3635 1374 3692 bonurn

256 3715 419 3778 ardomain
434 3732 495 3788 quo
514 3716 600 3786 ponit
614 3715 708 3770 vitam
723 3715 917 3786 spiritualem.
956 3713 1200 3788 Impugnationes
1217 3715 1284 3772 illae
1300 3716 1377 3772 fiunt

256 3796 346 3851 variis
359 3796 471 3858 modis:
490 3813 543 3867 per
552 3796 696 3850 influxum
706 3795 913 3851 scandalorum
928 3795 957 3849 in
968 3797 1165 3868 cogitationes
1175 3808 1205 3852 et
1215 3813 1334 3868 quoque
1346 3797 1376 3852 in

209 3889 215 3900 ·
256 3875 452 3940 voluntatem,
464 3887 571 3933 contra
584 3891 655 3931 vera
668 3885 700 3932 et
718 3878 812 3939 bona;
834 3887 898 3930 tum
915 3891 968 3946 per
981 3877 1178 3932 emersionem
1194 3887 1226 3932 et
1240 3878 1377 3933 recorda-

256 3955 371 4011 tionem
389 3956 563 4012 continuam
583 3955 729 4011 malorum
748 3972 825 4027 quae
843 3955 936 4012 homo
955 3956 1073 4018 lecerat,
1089 3967 1120 4012 et
1139 3957 1280 4012 lalsonrm
1299 3973 1376 4028 quae

256 4036 448 4108 cogitaverat,
463 4037 506 4092 ita
523 4051 576 4108 per
589 4036 816 4092 inundationem
830 4037 951 4098 talium:
973 4047 1004 4092 et
1022 4037 1110 4092 simul
1129 4047 1202 4092 tunc
1221 4053 1274 4108 per
1285 4053 1376 4108 appa-

257 4126 372 4170 rentem
391 4117 634 4173 interclusionem
654 4115 829 4173 interiorum
849 4116 966 4180 mentis,
986 4127 1017 4172 et
1036 4117 1078 4172 sic
1096 4117 1375 4174 communicationis

256 4211 325 4250 cum
338 4197 429 4260 caelo,
445 4213 498 4269 per
509 4198 592 4269 quod
607 4197 635 4252 ei
654 4197 842 4268 intercipitur
853 4197 985 4268 cogitare
997 4213 1034 4252 en
1052 4213 1107 4254 sua
1121 4197 1188 4260 fide,
1201 4213 1236 4253 ac
1248 4198 1324 4253 velle
1339 4215 1375 4252 ex

256 4293 312 4332 suo
321 4293 431 4333 amore.
464 4276 548 4333 Haec
558 4277 634 4333 fiunt
643 4293 661 4332 a
670 4278 756 4334 malis
765 4276 918 4348 spiritibus
928 4277 979 4348 qui
990 4279 1068 4348 apud
1080 4277 1248 4340 hominem
1266 4287 1380 4334 etcum

257 4357 342 4422 fiunt,
353 4368 498 4429 apparent
516 4359 572 4415 sub
587 4357 686 4430 specie
698 4359 883 4413 anxietatum
903 4358 1086 4422 interiorum,
1099 4373 1134 4414 ac
1152 4360 1289 4414 dolorum
1303 4373 1375 4414 con·

256 4437 405 4501 scientiae,
416 4439 558 4510 quoniam
571 4438 644 4494 talia
652 4437 786 4494 afficiunt
798 4448 829 4493 et
841 4439 975 4493 cruciant
985 4439 1077 4493 vitam
1092 4439 1222 4495 hominis
1235 4439 1375 4509 spiritua·

257 4519 325 4582 lem,
338 4519 479 4576 credente
492 4519 614 4575 bomine
626 4520 708 4590 quod
733 4535 793 4574 non
806 4520 846 4574 sit
862 4535 880 4574 a
895 4519 980 4574 malis
993 4519 1154 4590 spiritibus,
1167 4520 1219 4576 sed
1238 4535 1275 4574 ex
1293 4535 1325 4574 se
1344 4519 1374 4573 in

258 4597 457 4655 interioribus.
495 4597 584 4672 Quod
604 4599 697 4654 homo
709 4616 768 4655 non
784 4600 858 4655 sciat
872 4600 953 4670 quod
968 4598 1043 4654 ¹¹lilla
1056 4599 1115 4655 sint
1134 4615 1170 4656 ex
1186 4599 1271 4655 malis
1289 4599 1376 4670 spiri·
