3352 5298
432 703 482 756 ar
503 703 588 772 uJus
610 703 809 758 nocrnmn
831 703 1107 758 cnutum-n.
1123 689 1174 776 69.
1328 705 1394 776 55·

774 1163 839 1250 [v.]

386 1401 461 1478 DE
493 1401 777 1478 AMORIBUS
812 1401 900 1478 SUI
938 1401 1005 1478 ET
1039 1401 1233 1478 MUNDI.

247 1751 460 2090 ἉῘΟΚ
482 1819 532 1882 sui
555 1827 610 1883 est
632 1817 696 1884 sibi
719 1817 783 1883 soli
809 1819 898 1884 bene
916 1817 1017 1896 velle,
1036 1828 1073 1884 et
1103 1837 1172 1882 non
1202 1818 1275 1884 aliis
1304 1819 1368 1884 nisi

419 1923 562 1996 propter
584 1933 642 1992 se;
673 1933 716 1978 ne
741 1913 877 1997 quidem
901 1913 1078 1990 ecclesiae,
1102 1913 1244 1996 patriae,
1268 1913 1369 1978 alicui

418 2007 576 2072 societati
599 2007 780 2083 humanae,
799 2017 859 2072 aut
878 2009 1029 2072 concivi:
1053 2017 1091 2072 ut
1113 2018 1150 2072 et
1172 2007 1239 2072 illis
1261 2009 1368 2074 bene·

401 2103 529 2198 ‘iacere
548 2101 659 2165 solum
678 2111 819 2184 propter
837 2103 888 2166 sui
904 2102 1041 2178 samam,
1055 2102 1221 2167 honorem
1237 2113 1274 2168 et
1289 2104 1367 2186 glo·

247 2199 350 2277 riam;
373 2217 460 2282 quae
480 2197 544 2260 nisi
562 2196 656 2260 videt
679 2197 714 2259 in
733 2196 831 2260 bonis
859 2216 947 2280 quae
966 2196 1032 2260 illis
1049 2197 1142 2274 iacit,
1160 2197 1244 2262 dicit
1263 2199 1368 2263 corde

247 2313 319 2369 suo,
333 2291 424 2375 Quid
440 2289 552 2366 refert,
570 2309 628 2354 cur
643 2290 721 2366 hoc,
735 2300 772 2355 et
787 2291 867 2374 quid
883 2291 963 2356 inde
979 2291 1085 2356 mihi?
1108 2301 1144 2356 et
1160 2293 1208 2356 sic
1225 2294 1368 2358 omittit.

249 2387 352 2453 Unde
370 2396 468 2470 patet
486 2386 578 2468 quod
597 2386 625 2448 is
643 2385 699 2468 qui
718 2385 752 2448 in
770 2404 888 2450 amore
906 2387 957 2449 sui
976 2395 1040 2461 est,
1054 2406 1123 2450 non
1142 2397 1236 2452 amet
1255 2387 1368 2452 eccle-

248 2483 343 2558 siam,
371 2501 433 2545 nec
464 2480 621 2564 patriam,
653 2499 715 2543 nec
746 2481 962 2556 societatem,
991 2499 1054 2546 nec
1084 2482 1272 2559 concivem,
1304 2502 1367 2547 nec

247 2576 384 2661 aliquod
400 2576 539 2650 bonum,
556 2575 617 2638 sed
633 2595 671 2638 se
687 2573 809 2638 solum.

306 2672 382 2738 66.
412 2671 528 2734 Homo
544 2671 578 2733 in
595 2687 712 2733 amore
728 2669 778 2732 sui
794 2679 858 2746 est,
875 2670 1023 2752 quando,
1037 2671 1071 2734 in
1088 2670 1154 2734 iliis
1169 2689 1256 2754 quae
1271 2673 1368 2754 cogi·

248 2775 301 2830 tat
328 2776 365 2831 et
394 2765 486 2841 iacit,
510 2783 580 2828 non
610 2765 762 2828 intuetur
788 2766 992 2847 proximum,
1017 2767 1066 2828 ita
1092 2785 1160 2829 non
1183 2766 1366 2849 publicum,

248 2861 357 2924 minus
381 2859 578 2934 Dominum,
596 2859 656 2922 sed
680 2858 785 2922 modo
803 2867 913 2923 semet
936 2879 976 2922 ac
995 2880 1095 2938 suos3
1118 2869 1369 2944 consequenter

247 2955 385 3038 quando
407 2963 548 3037 propter
569 2961 680 3017 semet
703 2961 739 3018 et
762 2973 842 3018 suos
864 2955 979 3018 omnia
1001 2954 1093 3030 facit,
1113 2963 1149 3019 et
1178 2955 1206 3019 si
1229 2965 1370 3038 propter

247 3045 417 3128 publicum
433 3056 469 3110 et
489 3047 693 3130 proximum,
713 3044 783 3111 ¹¹¹sit
803 3047 907 3111 modo
926 3056 964 3110 ut
983 3055 1157 3130 appareat.

310 3141 380 3224 67.
411 3139 553 3223 Propter
571 3151 681 3205 semet
699 3151 735 3205 et
757 3161 848 3217 suos,
868 3141 990 3205 dicitur
1001 3162 1010 3219 ;
1040 3159 1119 3203 nam
1137 3139 1193 3223 qui
1212 3147 1306 3204 amat
1330 3159 1368 3203 se

247 3233 351 3298 etiam
369 3244 464 3298 amat
483 3252 573 3306 suos,
590 3231 647 3314 qui
666 3233 798 3295 suntin
818 3232 930 3314 specie
949 3231 1045 3294 liberi
1063 3241 1100 3296 et
1121 3241 1265 3315 nepotes
1284 3231 1366 3313 ejus,

246 3339 282 3392 et
304 3328 338 3391 in
357 3347 484 3411 genere
502 3345 624 3390 omnes
646 3326 702 3408 qui
725 3343 829 3389 unum
847 3344 925 3390 cum
948 3325 1008 3389 ilio
1025 3325 1164 3402 iaciunt,
1180 3345 1266 3410 quos
1287 3347 1369 3392 suos

245 3433 370 3501 vocat;
397 3423 462 3486 ho's
480 3431 516 3486 et
536 3421 614 3486 illos
632 3439 748 3486 amare
767 3429 821 3485 est
840 3439 975 3504 quoque
993 3441 1030 3485 se
1048 3439 1174 3496 amare,
1191 3439 1270 3485 nam
1290 3421 1368 3486 illos

246 3515 380 3600 spetiat
401 3517 497 3601 quasi
523 3518 558 3580 in
586 3537 635 3593 se,
660 3525 696 3580 et
723 3536 760 3580 se
786 3517 820 3580 in
843 3515 929 3579 illis:
958 3515 1147 3580 interillos
1173 3535 1259 3599 quos
1288 3536 1368 3582 suos

245 3621 359 3688 vocat,
379 3621 458 3676 sunt
482 3631 616 3695 quoque
641 3629 761 3675 omnes
783 3609 839 3694 qui
862 3629 940 3674 eum
964 3609 1118 3687 laudant,
1139 3609 1311 3676 honorant
1330 3621 1368 3676 et

246 3705 373 3770 colunt.

309 3799 382 3865 68.
405 3799 469 3865 ille
491 3800 597 3866 homo
620 3800 653 3864 in
677 3817 793 3864 amore
815 3799 866 3863 sui
889 3809 955 3875 est,
974 3800 1030 3882 qui
1060 3800 1254 3882 proximum
1283 3819 1369 3864 con-

246 3897 369 3960 temnit
386 3915 466 3978 prae
485 3915 533 3973 se,
550 3897 606 3979 qui
625 3895 796 3960 inimicum
815 3893 1032 3959 illum-habet
1052 3897 1080 3958 si
1099 3913 1168 3958 non
1184 3895 1247 3958 sibi
1263 3895 1366 3970 favet.

248 4000 283 4054 et
303 3991 331 4053 si
350 4011 418 4054 non
438 4011 475 4055 se
494 4001 675 4054 veneratur
693 3999 729 4054 et
748 3989 852 4054 coiit:
877 3989 987 4071 magis
1002 3989 1113 4054 adhuc
1130 3991 1164 4053 in
1182 4009 1299 4054 amore
1318 3992 1369 4054 sui

246 4093 311 4160 est,
334 4087 391 4168 qui
414 4095 596 4168 propterea
618 4085 811 4167 proximum
835 4083 917 4148 odio
939 4083 1055 4159 habet,
1075 4095 1111 4149 et
1135 4085 1366 4168 persequitur:

246 4187 281 4244 et
295 4181 404 4262 magis
420 4179 542 4255 adhuc,
556 4181 611 4262 qui
625 4188 806 4262 propterea
821 4177 944 4262 flagrat
956 4176 1108 4243 vindifta
1123 4189 1245 4244 contra
1260 4179 1366 4257 iilum,

246 4283 282 4338 et
300 4276 393 4356 cupit
412 4273 483 4355 ejus
499 4275 701 4357 perniciem:
725 4273 815 4338 tales
833 4275 975 4338 tandem
991 4283 1109 4338 amant
1125 4275 1265 4338 saevire.

305 4366 382 4447 69.
410 4365 468 4428 Ex
493 4365 755 4448 comparatione
780 4383 857 4429 cum
883 4383 1002 4429 amore
1026 4365 1182 4441 caelesti,
1205 4375 1367 4430 constare

247 4467 363 4542 potest
379 4457 489 4541 qualis
505 4468 558 4522 est
574 4477 672 4523 amor
686 4459 746 4522 sui.
786 4457 898 4524 Amor
912 4458 1072 4523 caelestis
1087 4467 1142 4522 est
1157 4477 1272 4522 amare
1288 4477 1367 4522 usus

247 4561 387 4636 propter
404 4573 495 4629 usus,
515 4573 575 4618 seu
594 4553 685 4617 bona
703 4561 844 4636 propter
861 4553 962 4630 bona,
982 4573 1069 4636 quae
1087 4553 1192 4617 homo
1211 4561 1367 4636 praestat

248 4646 424 4726 ecclesiae,
448 4648 589 4731 patriae,
612 4648 771 4714 societati
799 4648 979 4726 humanae,
1004 4657 1040 4714 et
1067 4648 1220 4728 concivi;
1250 4657 1288 4713 at
1310 4647 1366 4732 qui
