3352 5298
285 646 327 731 98
611 643 663 700 DE
685 641 791 696 Nova
814 641 1089 694 HIEROSOLYMA

369 809 427 864 uod
441 809 566 866 liberum
579 809 706 866 caeleste
719 819 837 872 tantum
850 809 941 866 distet
955 825 974 865 a
988 809 1083 864 libero
1101 807 1245 872 iniemali,
1258 819 1403 881 quantum

284 895 337 934 cae
350 896 399 934 um
413 880 451 934 ab
464 879 580 936 inlerno
594 883 634 948 (2.
648 881 725 950 2873,
739 879 829 948 2874).

368 950 427 1004 uod
441 949 566 1005 liberum
575 949 718 1006 infernale
731 951 761 1004 in
774 967 805 1006 se
818 949 984 1021 spectatum
995 949 1034 1004 sit
1043 965 1162 1004 servum
1174 950 1214 1019 (n.
1226 948 1302 1016 2884,
1314 947 1404 1018 2890),

369 1020 488 1075 22021222
502 1036 621 1076 servum
634 1031 680 1076 est
693 1021 762 1076 duci
774 1021 812 1076 ab
825 1019 940 1076 inferno
954 1023 995 1090 (2.
1008 1020 1086 1090 9586,
1100 1019 1279 1090 9589-9591).

367 1155 427 1210 uod
440 1170 529 1210 omne
542 1155 668 1210 liberum
680 1154 720 1210 sit
729 1165 764 1210 ut
777 1154 938 1226 proprium,
955 1164 986 1210 et
999 1155 1162 1210 secundum
1178 1153 1207 1209 id
1222 1155 1263 1225 (n.
1277 1153 1367 1220 2880).

367 1225 427 1280 uod
446 1225 539 1280 homo
563 1242 615 1296 per
632 1225 887 1296 regenerationem
908 1241 926 1280 a
948 1223 1080 1280 Domino
1101 1223 1228 1295 accipiat
1252 1225 1403 1296 proprium

283 1310 336 1351 cae
348 1305 411 1350 este
426 1297 466 1364 (2.
482 1309 557 1365 1937,
573 1308 648 1366 1947,
662 1295 739 1358 2882,
753 1295 830 1364 2883,
845 1295 936 1366 2892).

367 1365 433 1420 2212
448 1367 600 1437 proprium
614 1366 741 1421 caeleste
756 1369 797 1436 (n.
813 1367 869 1432 264,
886 1365 960 1435 5660,
975 1365 1066 1433 8480).

368 1437 427 1491 uod
438 1436 496 1492 hoc
507 1453 560 1508 pro
582 1437 657 1490 rium
668 1446 809 1506 appareat
822 1436 936 1490 homini
947 1435 1025 1492 21222
1034 1435 1099 1506 ejus
1112 1435 1272 1507 proprium,
1282 1444 1313 1490 at
1322 1435 1402 1507 quod

283 1521 344 1560 non
358 1506 397 1560 sit
409 1506 481 1576 ejus,
496 1507 548 1562 sed
592 1506 685 1561 omini
697 1507 776 1578 apud
792 1507 873 1560 illum
889 1509 929 1577 (n.
940 1507 1031 1590 8497).

337 1574 427 1649 Quod
444 1577 484 1631 illi
500 1577 551 1648 qui
571 1577 600 1632 in
620 1577 679 1633 1202
697 1593 751 1647 pro
773 1577 817 1632 rio
832 1587 911 1639 sunt,
926 1576 955 1631 ln
975 1591 1041 1660 ipso
1055 1577 1150 1631 libero
1164 1577 1233 1638 sint,
1266 1575 1317 1630 uia
1331 1574 1403 1629 libe-

284 1663 349 1701 rum
362 1656 409 1702 est
421 1647 490 1702 duci
505 1663 523 1702 a
539 1645 671 1702 Domino
682 1657 714 1702 et
728 1594 771 1702 ag
787 1646 882 1718 Ipsius
897 1663 1020 1719 proprio
1033 1647 1074 1717 (2.
1086 1647 1147 1718 892,
1160 1659 1220 1716 905,
1236 1591 1312 1713 2272,
1326 1644 1402 1708 2886,

283 1717 914 1788 28922892409619286.2829589222).

336 1865 425 1925 ¹4⁹·
449 1852 539 1926 Quod
552 1853 678 1910 liberum
691 1853 731 1910 sit
743 1871 780 1909 ex
792 1853 967 1926 aequilibrio
981 1853 1058 1909 inter
1072 1853 1186 1909 caelum
1198 1863 1230 1908 et
1246 1851 1402 1914 lniernum,

283 1943 315 1989 et
324 1934 405 2004 quod
420 1934 520 1996 homo,
531 1934 588 1991 nisi
600 1935 628 1990 ei
641 1935 767 1990 liberum
780 1935 899 1998 sitnon
912 1933 1064 1994 reformari
1075 1934 1178 2005 possit.
1189 1943 1341 1992 ostensum
1357 1942 1404 1986 est

283 2015 314 2069 in
327 2029 417 2085 opere
429 2015 477 2068 De
492 2015 573 2070 Caelo
586 2021 615 2069 et
628 2015 769 2087 Inferna:
789 2015 838 2083 (de
855 2015 921 2086 ipso
933 2013 1116 2085 aequilibrio,
1130 2031 1158 2068 n.
1174 2012 1302 2083 589-596,
1316 2023 1347 2068 et
1365 2013 1403 2068 de

282 2095 384 2156 libero,
397 2109 427 2149 u.
442 2107 490 2164 597
504 2095 541 2150 ad
555 2093 604 2150 fin.
613 2096 630 2164 :)
653 2096 706 2150 sed
715 2093 927 2164 ¹instruelionis
939 2110 1028 2150 causa
1040 2093 1111 2165 quid
1131 2094 1265 2157 liberum,
1278 2103 1309 2148 et
1321 2091 1402 2164 quod

283 2174 376 2230 homo
389 2191 441 2246 per
454 2175 483 2229 id
498 2175 683 2238 reformetur,
696 2176 785 2231 velim
799 2175 868 2230 inde
881 2175 955 2230 12222
967 2175 1072 2230 afferre
1084 2190 1127 2230 :-

336 2253 524 2311 ⁴¹Ostensum
539 2266 585 2311 est
606 2256 687 2327 quod
702 2255 909 2328 aequilibrium
925 2255 1003 2310 inter
1014 2255 1128 2310 caelum
1148 2265 1178 2310 et
1197 2253 1345 2308 infernum
1363 2253 1403 2308 sit

282 2335 490 2406 aequilibrium
506 2335 584 2390 inter
596 2337 706 2392 bonum
723 2336 804 2406 quod
823 2351 840 2390 2
858 2336 942 2390 22210
957 2345 987 2390 22
1003 2335 1114 2390 malurn
1130 2335 1210 2406 quod
1226 2351 1262 2389 ex
1278 2334 1402 2395 inferno,

283 2417 326 2472 ita
337 2416 418 2488 quod
431 2415 470 2472 sit
481 2415 688 2488 aequilibrium
699 2416 860 2488 spirituale,
870 2415 953 2488 quod
968 2417 998 2470 in
1010 2431 1065 2470 sua
1073 2415 1204 2472 essentia
1212 2425 1258 2470 est
1270 2413 1403 2470 liberum.

282 2496 372 2570 Quod
385 2495 591 2569 aequilibrium
602 2496 756 2568 spirituale
769 2497 800 2550 in
812 2513 867 2552 sua
877 2496 1007 2552 essentia
1019 2495 1059 2552 212
1071 2496 1205 2560 liberum,
1215 2507 1262 2552 est
1275 2494 1345 2566 quia
1357 2503 1403 2549 est

283 2577 360 2632 inter
371 2579 485 2633 bonum
498 2588 530 2632 et
542 2579 661 2640 malum,
674 2593 709 2632 22
725 2577 917 2632 interveram
930 2587 961 2632 et
974 2576 1089 2639 ialsum,
1102 2586 1134 2632 et
1148 2577 1223 2632 haec
1235 2586 1307 2630 sunt
1318 2575 1404 2645 spiri·

281 2657 390 2720 tuella:
404 2668 587 2728 quapropter
597 2673 684 2728 posse
693 2657 771 2712 velle
780 2659 892 2712 bonum
902 2666 955 2711 aut
965 2657 1085 2719 malum,
1095 2667 1148 2710 aut
1157 2657 1289 2726 cogitare
1298 2671 1401 2710 verum

281 2747 334 2793 aut
344 2736 459 2800 laisum,
469 2753 504 2792 ac
516 2737 625 2810 eligere
635 2753 727 2791 unum
738 2751 808 2807 prae
818 2737 920 2799 altero,
931 2748 977 2792 est
989 2737 1123 2791 liberum.
1135 2778 1141 2790 .
1152 2777 1158 2791 .
1170 2777 1176 2790 .
1198 2735 1266 2792 Hoc
1278 2735 1402 2790 liberum

282 2819 371 2873 datur
383 2817 530 2872 unicuivis
543 2817 658 2872 homini
671 2834 689 2872 a
703 2817 842 2881 Domino,
854 2833 909 2872 222
921 2833 1045 2890 usquam
1056 2817 1203 2878 aufertur:
1222 2826 1268 2872 est
1281 2816 1403 2888 quidem

282 2913 319 2954 ex
331 2915 385 2954 sua
394 2897 509 2969 origine
520 2913 579 2952 non
590 2897 720 2952 hominis
730 2899 782 2953 sed
795 2897 926 2960 Domini,
936 2898 1006 2969 quia
1015 2909 1089 2952 2222
1102 2896 1249 2960 Domino;
1268 2907 1299 2951 at
1309 2913 1403 2968 usque

282 2994 349 3033 cum
360 2978 423 3032 vita
432 2979 561 3032 donatur
571 2978 685 3033 homini
698 2979 775 3034 sicut
788 2994 883 3041 suum,
894 2988 926 3033 et
938 2979 996 3032 hoc
1009 2993 1045 3032 ex
1058 2993 1147 3032 causa
1159 2987 1193 3032 ut
1207 2977 1298 3032 homo
1308 2975 1402 3048 possit

282 3057 436 3113 reformari
452 3068 482 3112 et
497 3058 612 3121 salvari,
626 3074 694 3113 nam
707 3059 819 3130 absque
833 3058 927 3112 libero
940 3058 1022 3112 nulla
1035 3056 1207 3113 reformatio
1221 3067 1252 3112 et
1266 3057 1401 3112 salvatio.

282 3136 417 3210 Quisque
427 3155 463 3192 ex
477 3137 636 3194 intuitione
646 3139 746 3210 aliqua
759 3139 896 3194 rationali
906 3139 1008 3194 videre
1022 3149 1122 3209 potest
1134 3137 1215 3208 quod
1230 3139 1259 3192 in
1273 3137 1402 3194 hominis

282 3219 376 3274 libero
395 3218 435 3274 sit
456 3218 588 3290 cogitare
604 3220 681 3274 male
701 3220 749 3274 vel
771 3220 854 3281 bene,
876 3219 990 3274 sincere
1011 3220 1059 3274 vel
1082 3218 1235 3281 insincere,
1255 3219 1334 3290 juste
1355 3217 1402 3273 vel

283 3299 409 3370 injuste:
427 3309 459 3354 et
470 3313 589 3370 quoque
601 3299 682 3370 quod
698 3300 793 3371 possit
805 3301 888 3370 loqui
901 3310 932 3356 et
946 3315 1034 3372 agere
1044 3300 1127 3360 bene,
1141 3299 1255 3354 sincere
1269 3309 1300 3354 et
1314 3299 1402 3372 juste,

282 3380 335 3435 sed
349 3395 409 3434 non
423 3380 508 3441 male,
523 3379 668 3436 insincere
680 3391 711 3435 et
724 3381 834 3451 injuste
848 3391 970 3452 propter
982 3381 1097 3453 leges..
1109 3379 1235 3435 morales
1247 3388 1278 3435 et
1290 3377 1401 3440 civiles,

283 3476 335 3530 per
347 3475 421 3530 quas
433 3469 589 3514 externum
602 3459 667 3530 ejus
678 3469 799 3516 tenetur
812 3460 842 3514 in
855 3459 991 3516 vinculis.
1031 3461 1073 3515 Ex
1089 3461 1136 3515 1212
1152 3471 1235 3532 patet
1246 3461 1327 3532 quod
1343 3461 1403 3531 spi·

282 3541 357 3595 ritus
369 3539 508 3604 hominis,
518 3539 569 3611 qui
582 3541 689 3611 estqui
701 3541 815 3613 cogitat
827 3551 858 3596 et
868 3541 941 3604 vult,
951 3541 990 3597 sit
1004 3541 1034 3596 in
1048 3541 1157 3603 libero:
1177 3557 1236 3596 non
1251 3542 1294 3596 ita
1306 3551 1402 3597 exter-

282 3636 353 3674 num
364 3619 503 3682 hominis,
511 3620 593 3691 quod
604 3621 735 3692 loquitur
743 3631 776 3691 et
784 3621 854 3694 agit,
863 3621 919 3676 2121
930 3622 988 3678 1202
996 3621 1036 3677 sit
1045 3623 1209 3678 secundum
1218 3615 1403 3692 supraditlas'

335 3778 449 3852 “Quod
471 3781 564 3836 homo
585 3796 646 3836 non
666 3783 759 3853 possit
778 3781 931 3836 reformari
954 3782 1010 3838 nisi
1032 3783 1071 3837 sit
1094 3781 1124 3836 in
1146 3781 1248 3845 libero,
1267 3781 1401 3852 estquis

282 3861 415 3916 nascitur
426 3861 456 3916 in
472 3861 571 3916 omnis
585 3862 702 3934 generis
715 3861 800 3924 mala,
814 3877 890 3932 quae
902 3871 1003 3919 tamen
1018 3864 1198 3918 removenda
1210 3872 1282 3917 sunt
1295 3871 1330 3916 ut
1344 3862 1401 3916 sal·

279 3942 343 3996 vari
360 3942 468 4013 possit:
488 3957 543 3997 nec
555 3941 699 3998 removeri
715 3952 842 4014 possunt
864 3943 921 3998 nisi
934 3943 1034 3998 videat
1051 3943 1100 3998 illa
1115 3943 1145 3998 in
1161 3959 1201 4004 se,
1214 3953 1246 3998 et
1259 3951 1402 4014 agnoscat

282 4023 340 4085 illa,
352 4033 383 4078 et
396 4023 465 4078 dein
481 4023 557 4078 nolit
572 4022 629 4084 illa,
642 4033 673 4078 et
687 4025 809 4079 tandem
823 4033 976 4078 aversetur
988 4023 1053 4085 illa;
1072 4035 1145 4079 tunc
1160 4023 1288 4094 primum
1305 4037 1402 4078 remo·

280 4113 396 4158 ventur.
435 4101 503 4158 Hoc
515 4118 576 4158 non
590 4101 652 4158 fieri
666 4114 774 4174 potest,
788 4103 844 4158 nisi
858 4103 950 4158 homo
963 4113 1024 4158 tam
1039 4103 1068 4156 in
1081 4103 1162 4158 bono
1175 4119 1264 4174 quam
1278 4102 1308 4157 in
1322 4102 1402 4158 malo

281 4183 336 4245 sit:
354 4198 391 4238 ex
406 4182 487 4238 bono
501 4181 581 4238 enim
596 4192 697 4253 potest
709 4183 810 4238 videre
826 4183 911 4244 mala,
924 4183 977 4240 sed
991 4199 1051 4238 202
1066 4199 1085 4238 a
1099 4183 1179 4238 malo
1192 4183 1279 4238 bona
1317 4181 1403 4237 Bona

280 4261 452 4332 spiritualia
465 4277 542 4334 quae
556 4262 649 4318 homo
662 4263 794 4334 cogitare
810 4272 917 4333 potest,
931 4261 1020 4318 discit
1034 4264 1072 4318 ab
1085 4261 1210 4318 infantia
1222 4279 1258 4318 ex
1274 4260 1402 4318 letlione

280 4341 379 4404 Verbi,
386 4353 417 4397 et
426 4357 462 4396 ex
471 4342 702 4413 praedicatione;
716 4344 838 4398 acbona
846 4343 968 4399 moralia
976 4355 1007 4400 et
1014 4343 1113 4410 civilia
1119 4359 1156 4398 ex
1163 4343 1226 4398 vita
1242 4343 1270 4396 in
1280 4342 1401 4398 mundo.

282 4421 350 4478 Hoc
363 4423 492 4494 primum
505 4434 551 4478 est
563 4439 617 4477 cur
629 4423 721 4478 homo
736 4422 766 4477 in
781 4423 875 4479 libero
887 4439 952 4479 esse
965 4411 1068 4480 2121222.Ι
1102 4424 1239 4478 Alterum
1252 4433 1306 4486 est,
1319 4423 1400 4494 quod

281 4503 354 4558 nihil
370 4503 577 4574 approprietur
591 4503 705 4559 homini
728 4501 785 4558 nisi
803 4504 885 4573 quod
905 4503 939 4559 iit
957 4519 994 4558 ex
1011 4501 1169 4560 2112611022
1183 4519 1259 4575 quae
1275 4504 1400 4566 amoris;

280 4583 394 4656 reliqua
402 4583 523 4656 quidem
537 4583 647 4640 intrare
660 4593 794 4655 possunt,
804 4584 856 4640 sed
870 4600 930 4640 non
944 4583 1119 4658 ultraquam
1133 4585 1162 4640 in
1175 4583 1400 4657 cogitationem,
