3288 5294
393 691 443 742 ΕΤ
464 689 549 760 EJUS
572 691 770 745 DOCTRINA
792 693 1066 747 cnaLESTL-n.
1090 683 1157 764 183.
1283 697 1342 766 107

225 880 287 926 nes
302 881 388 944 quae
400 859 615 936 confirmant,
629 871 710 926 tunc
727 871 892 926 externus
905 863 1009 927 homo
1022 864 1166 946 imperat
1183 879 1222 927 ac
1235 863 1343 928 inter·

223 975 288 1018 nus
300 955 414 1018 servit.
456 953 541 1018 Cum
554 965 669 1019 autem
686 955 791 1020 homo
806 958 949 1040 percipit
966 959 1091 1020 bonum
1108 966 1144 1021 et
1156 956 1343 1040 jucundum

224 1048 259 1112 in
278 1048 466 1131 cogitando
481 1058 517 1114 et
535 1048 684 1116 volendo
700 1050 798 1124 bene,
816 1052 945 1115 sincere
964 1063 999 1115 et
1014 1050 1117 1134 juste,
1134 1061 1171 1116 et
1190 1054 1344 1116 exterius

224 1141 259 1205 in
272 1141 444 1226 loquendo
456 1153 492 1208 et
508 1143 663 1208 iaciendo
675 1143 840 1220 similiter,
854 1155 936 1210 tunc
949 1146 1102 1210 internus
1115 1145 1220 1210 homo
1234 1147 1343 1230 impe·

225 1245 279 1300 rat
297 1245 333 1301 et
350 1247 514 1302 externus
534 1239 648 1302 servit.

284 1333 377 1400 181.
408 1334 571 1398 internus
593 1334 698 1398 homo
720 1335 865 1416 primurn
886 1345 1112 1416 regeneratur
1136 1355 1157 1398 a
1180 1335 1342 1410 Domin0‚

225 1434 262 1490 et
281 1437 403 1510 postea
421 1437 594 1502 externus,
615 1437 650 1490 et
670 1426 723 1490 hic
743 1426 936 1509 perillum:
960 1429 1115 1492 internus
1133 1429 1223 1492 enim
1239 1428 1344 1492 homo

225 1527 448 1602 regeneratur
466 1541 526 1603 per
544 1521 697 1602 cogitare
715 1519 774 1584 illa
792 1541 879 1603 quae
897 1519 975 1586 fidei
994 1531 1030 1586 et
1053 1521 1232 1586 charitatis
1251 1532 1342 1598 sunt,
1378 1591 1385 1602 ,

226 1625 392 1678 0777077700
407 1625 523 1680 autem
539 1635 599 1697 per
614 1615 719 1679 vitam
736 1615 923 1678 secundum
939 1614 1006 1680 illa.
1048 1615 1126 1680 Hoc
1141 1615 1345 1698 intelligitur

226 1727 288 1790 per
305 1707 443 1774 Domini
461 1709 576 1784 verba,

276 1841 358 1894 “Nisi
376 1844 435 1907 0070
451 1853 595 1906 generatus
612 1843 692 1894 luerit
708 1858 742 1893 ex
758 1858 829 1908 aqua
848 1853 876 1894 et
895 1843 998 1908 spiritu,
1016 1858 1072 1894 77077
1089 1851 1179 1908 potest
1195 1843 1299 1907 ingredi
1316 1844 1344 1894 ln

358 1922 471 1972 regnum
482 1908 733 1975 Del”(Joh.iii.5):
1308 1917 1316 1931 ·

229 2027 250 2056 “
259 2021 371 2106 0000”
389 2023 423 2086 70
447 2023 612 2107 spirituali
627 2045 728 2088 sensu
742 2034 795 2089 est
807 2043 924 2088 verum
937 2022 1025 2101 fidei,
1039 2034 1075 2088 et
1089 2025 1255 2108 “spiritus
1262 2023 1278 2050 ”
1290 2033 1344 2090 est

227 2117 300 2181 vita
317 2118 503 2182 secundum
521 2117 614 2182 illud.

287 2213 380 2280 182.
409 2213 526 2278 Homo
542 2215 598 2298 qui
613 2224 836 2298 regeneratus
851 2224 917 2290 est,
930 2215 1044 2298 quoad
1059 2215 1231 2278 internum
1246 2233 1345 2278 suurn

228 2305 404 2370 hominem
427 2307 581 2372 incaelo
604 2317 668 2382 007,
693 2327 732 2371 ac
757 2307 802 2371 ibi
824 2306 967 2390 angelus
990 2326 1066 2371 curn
1089 2307 1232 2390 angelis,
1256 2308 1346 2372 inter

228 2419 313 2482 0000
328 2401 434 2464 etiarn
450 2411 529 2484 post
545 2412 691 2465 mortem
705 2403 819 2481 venit;
843 2403 870 2466 is
887 2412 967 2466 tunc
984 2411 1100 2485 potest
1112 2403 1226 2466 vivere
1238 2401 1346 2464 vitam

228 2493 326 2572 caeli,
336 2513 451 2560 amare
462 2495 656 2571 Dominum,
668 2515 782 2560 amare
795 2498 1000 2580 proximum,
1013 2495 1206 2578 intelligere
1216 2513 1344 2572 verum,

229 2608 349 2672 sapere
367 2590 505 2666 bonum,
525 2609 564 2654 ac
584 2591 756 2674 percipere
774 2591 912 2655 beatum
930 2591 1020 2655 inde.

625 2808 664 2860 (ιι
676 2818 772 2852 neura
784 2807 945 2862 mmmm)

228 2922 314 2996 183.
339 2922 421 2993 Quid
429 2922 625 2995 Regeneratrb,
638 2927 666 2976 et
676 2939 731 2976 cur
734 2922 783 2991 fit.

231 3124 245 3184 ⁵
264 3041 371 3256 ⁹§uod
381 3041 471 3099 hodie
481 3059 584 3115 parurn
594 3043 705 3098 sciatur
717 3041 754 3098 de
767 3041 998 3114 regeneratione,
1008 3057 1116 3098 causae
1129 3043 1169 3114 (n.
1180 3041 1257 3112 3761,
1266 3057 1299 3110 47
1304 3041 1345 3114 56,

311 3200 330 3238 0

331 3184 372 3239 077
390 3185 483 3240 770700
501 3193 640 3239 nascatur
658 3183 687 3236 in
706 3183 804 3238 07777770
822 3181 938 3254 generis
957 3182 1042 3246 07070,
1059 3192 1090 3238 07
1108 3182 1189 3254 quod
1209 3183 1278 3240 inde
1297 3182 1347 3239 ille

229 3255 327 3325 quoad
347 3249 499 3325 proprium
518 3270 604 3310 00070
623 3270 661 3309 ex
679 3253 835 3308 nativitate
853 3268 914 3308 non
933 3252 1047 3308 sitnisi
1066 3269 1155 3326 000777
1175 3254 1285 3309 malurn
1305 3255 1317 3324 (
1339 3293 1348 3310 .,

230 3337 289 3386 2¹0·
306 3337 365 3394 215,
381 3338 440 3394 777.
456 3324 586 3391 774776,
603 3324 663 3393 9⁸7.
682 3335 756 3389 1047.
773 3335 849 3392 2307.
866 3323 943 3392 2³08·
960 3323 1037 3392 7578.
1054 3336 1130 3393 3701.
1147 3323 1241 3395 77778
1257 3324 1346 3394 78777.

229 3393 307 3460 8480,
322 3393 399 3465 8549,
414 3395 491 3464 8550,
505 3395 582 3465 8550,
599 3395 691 3464 70785,
709 3393 801 3460 70784,
818 3393 910 3456 70786,
927 3393 1152 3463 1073[?10731]).

283 3463 372 3537 Quod
388 3465 599 3521 hereditarium
615 3465 744 3520 hominis
759 3480 820 3519 non
835 3463 874 3519 sit
888 3463 944 3520 nisi
960 3480 1049 3535 quarn
1065 3464 1175 3518 70010777
1191 3463 1271 3535 (vide
1285 3463 1347 3520 col-

230 3531 306 3590 reeta
318 3551 407 3606 supra
421 3537 450 3590 in
464 3536 519 3591 hac
533 3533 683 3596 Dotlrina.
698 3551 725 3589 n.
739 3534 795 3603 83).

229 3675 246 3730 8
264 3605 372 3746 )Quod
388 3607 477 3662 etiam
494 3606 645 3678 proprium
661 3605 791 3660 hominis
806 3621 867 3660 non
882 3603 922 3660 077
937 3603 993 3660 77707
1009 3619 1097 3675 000777
1115 3605 1225 3660 malurn
1243 3603 1304 3675 (ibi,
1318 3621 1347 3661 n.

248 3689 263 3730 7

283 3745 372 3830 Quod
391 3747 483 3802 horno
498 3763 534 3804 ex
552 3763 593 3810 00,
608 3753 753 3817 quantum
768 3761 805 3800 ex
821 3744 1001 3800 hereditario
1016 3753 1047 3800 et
1062 3745 1190 3816 proprio,
1205 3745 1245 3801 sit
1263 3745 1349 3816 pejor

229 3817 323 3872 7770770
336 3816 513 3872 animalibus
526 3819 567 3885 (n.
579 3816 640 3886 637.
654 3817 744 3885 3175).

312 3888 372 3942 uod
387 3887 456 3943 ideo
467 3887 609 3943 continue
621 3903 657 3942 ex
670 3903 702 3942 se
715 3883 829 3957 0007707
841 3886 879 3940 077
894 3884 1040 3941 infernum
1056 3885 1095 3956 (n.
1108 3883 1168 3954 694,
1177 3884 1268 3954 8480).

332 3967 472 4028 apropter
484 3957 509 4014 07
524 3957 616 4013 7707770
629 3958 788 4012 duceretur
802 3973 839 4012 ex
854 3972 909 4011 suo
922 3955 1050 4027 proprio,
1062 3955 1144 4027 quod
1160 3971 1347 4028 0000000070

229 4027 335 4084 salvari
349 4037 450 4099 posset
464 4029 504 4098 (n.
520 4029 625 4098 ¹⁰73¹)·

231 4145 372 4286 ³9²guod
385 4145 448 4202 vita
459 4147 601 4202 7707070770
614 4145 743 4202 hominis
755 4145 795 4201 sit
806 4145 955 4201 contraria
966 4144 1046 4200 uitae
1057 4143 1202 4216 spirituali
1216 4145 1256 4214 (n.
1270 4157 1348 4214 3913,

282 4286 371 4360 Quod
380 4288 493 4342 bonurn
503 4287 583 4358 quod
594 4286 686 4342 homo
695 4285 766 4341 lacit
775 4301 812 4340 ex
819 4301 860 4348 00,
868 4301 920 4341 seu
929 4301 965 4341 ex
972 4301 1027 4356 pro
1048 4283 1101 4348 770,
1109 4301 1170 4340 non
1180 4285 1219 4340 077
1227 4285 1348 4348 bonurn,

229 4357 300 4427 0070
312 4357 383 4412 lacit
397 4367 518 4428 propter
529 4374 561 4412 se
573 4367 604 4412 et
616 4367 739 4428 propter
748 4357 892 4410 mundum
907 4358 947 4425 (n.
961 4301 1172 4490 808ἓέ480).

283 4425 373 4500 Quod
386 4427 537 4499 proprium
553 4427 683 4482 hominis
696 4427 908 4482 removendum
922 4427 969 4489 077,
982 4437 1016 4482 07
1079 4426 1178 4482 minus
1190 4423 1348 4481 0700070777

229 4497 333 4553 adesse
345 4507 457 4568 queant
470 4499 510 4568 (n.
527 4511 601 4566 1023,
618 4498 706 4566 1044).

283 4566 373 4640 Quod
395 4569 547 4639 proprium
570 4567 699 4624 hominis
723 4565 879 4623 actualiter
902 4576 1098 4630 removeatur,
1119 4581 1187 4621 curn
1212 4565 1304 4622 homo
1329 4579 1348 4621 a

231 4634 361 4695 Domino
372 4649 562 4711 retenentur
577 4641 617 4708 in·
632 4636 1207 4708 07770776,0470075777947710078).
