3338 5300
463 671 514 724 DE
529 670 698 722 SAECULO
714 671 842 724 AUREO
856 669 1197 723 matronarum-N.
1215 671 1263 738 37.
1378 674 1421 738 49

341 849 357 874 ‘¹
368 841 402 898 ln
421 842 522 896 eundo
535 840 596 895 vidi
616 857 633 896 e
652 839 702 895 lon
726 839 819 911 inquo
830 850 892 896 tres
905 856 1014 911 pueros
1032 850 1063 896 et
1081 850 1142 896 tres
1155 841 1269 911 puellas
1280 841 1420 896 sedentes

306 914 344 968 ad
355 913 477 996 Januam
491 912 537 966 sui
550 857 750 972 tabernacula
769 913 821 966 sed
836 912 878 965 illi
891 923 922 965 et
935 911 1011 974 illae,
1024 927 1092 965 cum
1106 911 1420 1036 appropinquavimus,

306 985 362 1038 11111
376 993 446 1038 sunt
458 982 536 1037 sicut
549 982 604 1035 viri
624 991 655 1036 et
674 982 813 1036 mulieres
832 982 947 1036 mediae
960 993 1101 1036 staturae.
1164 991 1177 1035 t
1195 983 1271 1036 dixit
1289 983 1420 1054 angelus,

306 1053 435 1109 ‘Omnes
448 1053 563 1106 incolae
584 1052 673 1122 hujus
687 1052 798 1106 montis
811 1063 955 1121 apparent
974 1069 990 1106 e
1009 1051 1174 1123 longinquo
1187 1053 1264 1106 sicut
1283 1053 1420 1116 inientes,

305 1122 1421 1255 vilitatttulit:'stttellitlttitt’t'tlt'tltltttttiti

305 1263 459 1354 quomodo
477 1263 536 1316 huc
554 1260 699 1316 venistis?
726 1261 828 1317 Facies
842 1273 958 1317 vestrae
977 1279 1037 1317 non
1056 1233 1162 1318 sunt⁸e
1181 1262 1313 1318 faciebus
1331 1235 1421 1336 hujus

307 1345 426 1388 montis.

358 1405 424 1458 “At
442 1403 566 1474 angelus
579 1403 688 1465 retulit,
702 1413 733 1458 et
752 1403 882 1458 narravit
900 1404 1017 1474 copiam
1037 1419 1173 1459 accessus
1191 1419 1245 1486 per
1262 1403 1377 1468 silvam,
1390 1417 1421 1460 et

305 1489 423 1529 causam
437 1475 592 1528 adventus.
629 1473 745 1544 Quibus
757 1473 877 1536 auditis,
891 1491 968 1528 unus
986 1491 1023 1529 ex
1041 1474 1137 1530 tribus
1150 1474 1221 1529 virts
1235 1475 1372 1530 invitavit
1390 1488 1421 1531 et

306 1544 473 1598 introduxit
486 1559 541 1598 nos
553 1543 581 1597 in
595 1545 819 1598 tabernaculum
833 1560 929 1598 11111111.
967 1543 1020 1598 Vir
1032 1555 1095 1598 erat
1109 1545 1232 1600 indutus
1246 1545 1336 1615 pallio
1349 1547 1421 1618 hya-

305 1615 431 1669 cinthini
442 1613 558 1675 coloris,
569 1630 604 1668 ac
613 1615 715 1668 tunica
727 1630 764 1668 ex
775 1615 842 1668 lana
854 1615 989 1669 candida.
1028 1615 1066 1669 Et
1076 1615 1141 1685 ejus
1151 1631 1226 1670 uxor
1236 1626 1299 1670 erat
1312 1615 1421 1672 amicta

305 1696 378 1756 toga
410 1699 545 1754 urpurea,
558 1695 589 1738 et
602 1686 705 1738 subter
716 1685 819 1739 tunica
831 1683 974 1754 pediorali
987 1701 1024 1740 ex
1037 1687 1126 1756 bysso
1138 1685 1285 1756 acupicto.

359 1763 375 1784 ‘⁸
412 1754 1422 1828 tquiaincogitationemeaeratdesideriumcognoscendiconjugia

304 1825 588 1896 antiquissimorum,
603 1825 739 1879 intuebar
751 1841 802 1894 per
814 1826 895 1880 vices
908 1827 1047 1880 maritum
1061 1837 1092 1880 et
1105 1841 1237 1888 uxorem,
1248 1837 1278 1882 et
1288 1827 1421 1882 animad-

305 1897 381 1950 verti
399 1895 483 1966 quasi
503 1895 650 1949 unitatem
663 1896 829 1950 animarum
849 1897 968 1950 illorum
989 1897 1018 1950 in
1038 1896 1184 1957 faciebus:
1210 1909 1241 1951 et
1260 1897 1330 1960 dixi,
1344 1897 1422 1954 ‘Vos

306 1967 368 2022 duo
380 1965 453 2020 estis
466 1966 577 2020 unum'

359 2035 423 2090 “Et
443 2036 597 2106 respondit
614 2036 667 2098 vir,
682 2035 809 2091 ‘Sumus
828 2053 937 2100 unum;
957 2047 1004 2092 est
1017 2037 1096 2092 illius
1109 2037 1172 2092 vita
1190 2037 1220 2092 in
1234 2054 1290 2100 me,
1305 2048 1336 2094 et
1355 2055 1422 2094 mea

306 2107 336 2160 ln
354 2107 418 2169 1113;
436 2123 539 2162 sumus
552 2107 613 2160 duo
625 2122 758 2176 corpora,
772 2108 823 2161 sed
838 2123 898 2161 una
909 2107 1023 2170 anima;
1042 2117 1089 2161 est
1101 2108 1173 2162 unio
1186 2108 1264 2162 inter
1277 2125 1332 2164 nos
1345 2109 1422 2164 sicut

305 2178 484 2232 estduorum
494 2177 692 2230 tentoriorum
706 2177 736 2230 in
750 2176 879 2246 pediore,
892 2194 968 2248 quae
977 2187 1123 2232 vocantur
1132 2193 1184 2233 cor
1191 2187 1222 2232 et
1235 2180 1352 2248 pulm0;
1372 2181 1423 2234 illa

305 2257 351 2303 est
408 2247 568 2318 rencbyma
580 2247 638 2302 mei
652 2248 759 2308 cordis,
772 2259 803 2302 et
821 2264 878 2318 ego
896 2265 962 2304 sum
975 2248 1055 2302 illius
1068 2249 1184 2318 pulmo:
1209 2251 1262 2304 sed
1281 2249 1352 2320 quia
1370 2267 1423 2320 per

305 2335 355 2372 cor
390 2319 416 2373 ic
430 2317 623 2388 intelligimus
636 2334 777 2379 amorem,
791 2329 821 2373 et
840 2335 893 2387 per
899 2319 1064 2388 pulmonem
1078 2319 1254 2388 sapientiam
1270 2321 1355 2388 (haec
1370 2337 1423 2390 per

306 2388 357 2442 illa
381 2387 575 2458 intelligimus
600 2401 722 2458 propter
745 2389 1062 2458 correspondentiam),
1084 2399 1130 2443 est
1155 2389 1205 2442 illa
1229 2405 1313 2444 amor
1338 2407 1421 2445 meae

305 2459 476 2530 sapientiae,
487 2469 518 2512 et
531 2473 588 2529 ego
598 2475 663 2512 sum
677 2459 824 2528 sapientia
836 2460 900 2529 ejus
913 2459 1031 2513 amoris.
1069 2458 1151 2520 Inde,
1162 2459 1239 2514 sicut
1252 2460 1361 2522 dixisti,
1375 2472 1422 2516 est

304 2529 479 2599 apparentia
491 2527 614 2583 unitatis
632 2529 799 2584 animarum
819 2530 849 2584 in
869 2529 1000 2586 faciebus
1018 2529 1136 2584 nostris.
1175 2529 1249 2584 inde
1269 2531 1354 2586 nobis
1373 2532 1422 2586 hic

305 2609 366 2654 tam
377 2599 558 2670 impossibile
567 2609 612 2654 est
620 2597 753 2670 spedlare
762 2599 890 2670 aliquam
901 2615 1023 2654 uxorem
1032 2599 1163 2654 consocii
1174 2600 1203 2654 in
1213 2600 1336 2656 libidine
1344 2601 1422 2657 sicut

305 2679 351 2725 est
369 2667 502 2794 sEet‘tare
522 2669 618 2724 lucem
638 2669 731 2724 nostri
751 2671 825 2724 caeli
838 2685 876 2726 ex
888 2671 992 2724 umbra
1004 2669 1162 2724 Tartarea'

410 2751 423 2794 t
433 2739 509 2794 dixit
520 2740 592 2793 mihi
603 2741 733 2811 angelus,
744 2740 856 2795 ‘Audis
866 2756 945 2795 nunc
958 2741 1107 2810 loquelam
1119 2741 1226 2794 horum
1237 2742 1420 2813 angelorum,

305 2811 387 2882 quod
400 2811 439 2866 sit
452 2810 572 2880 loquela
583 2811 755 2879 sapientiae,
769 2811 839 2880 quia
852 2811 1016 2881 loquuntur
1027 2826 1064 2865 ex
1077 2811 1191 2866 causis!

359 2879 444 2936 “His
461 2879 557 2941 dietis,
570 2880 632 2934 vidi
652 2882 748 2936 lucem
768 2897 905 2952 magnam
925 2897 1015 2952 super
1032 2881 1109 2936 colle
1128 2881 1206 2936 inter
1217 2883 1421 2947 tabemacula3

305 2961 336 3007 et
349 2951 491 3022 quaesivi,
505 2949 611 3005 ‘Unde
625 2951 674 3004 illa
687 2951 765 3005 lux?'

359 3030 374 3052 ¹⁴
385 3021 476 3083 Dixit,
490 3021 550 3075 ‘Ex
562 3019 730 3076 sanctuario
743 3023 925 3076 tabernaculi
940 3021 1033 3076 nostri
1047 3021 1163 3076 cultus!

358 3099 374 3124 ⁸·
384 3091 422 3146 Et
432 3091 610 3162 interrogavi
621 3108 692 3146 1111111
707 3092 795 3147 liceat
807 3093 964 3155 accedere;
982 3103 1013 3148 et
1023 3093 1099 3146 dixit
1112 3092 1193 3163 quod
1207 3093 1309 3156 liceat;
1327 3103 1359 3148 et
1372 3111 1421 3150 ac·

305 3163 388 3224 cessi,
401 3171 433 3217 et
450 3161 512 3216 vidi
526 3163 748 3218 tabernaculum
767 3173 851 3217 extra
869 3173 900 3217 et
919 3165 996 3216 intra
1008 3165 1172 3218 secundum
1186 3164 1419 3234 descriptionem

305 3249 425 3304 prorsus
438 3232 534 3287 simile
544 3233 748 3288 Tabernaculo
759 3234 840 3304 quod
857 3251 910 3302 pro
920 3233 987 3288 filiis
1008 3233 1124 3288 lsraelis
1138 3233 1167 3287 in
1186 3233 1306 3288 deserto
1319 3235 1421 3289 aedifi-

304 3313 413 3366 catum,
426 3303 511 3373 cujus
525 3302 620 3356 lorma
636 3303 713 3357 Mosi
733 3319 822 3374 super
842 3303 946 3358 Monte
966 3303 1046 3358 Sinai
1067 3313 1231 3358 monstrata
1249 3315 1295 3358 est
1314 3305 1420 3374 (Exod.

304 3391 372 3499 mg.
384 3387 434 3440 4o;
452 3389 516 3497 caq.
529 3373 606 3498 xqvi.
621 3374 675 3441 30)·
714 3373 751 3428 Et
764 3374 906 3444 quaesivi,
921 3373 1014 3445 ‘Quid
1029 3375 1110 3429 intus
1122 3375 1152 3428 in
1166 3373 1335 3430 sanouario
1347 3376 1420 3446 ejus,

305 3462 345 3499 un
368 3453 483 3499 etanta
507 3461 545 3497 ux
569 3444 575 3462 '

358 3513 421 3568 “Et
440 3514 602 3584 respondit,
616 3513 686 3568 ‘Est
704 3515 806 3568 tabula
824 3515 871 3568 cui
891 3513 1066 3584 inscriptum
1083 3525 1130 3570 est
1141 3515 1254 3569 Foedus
1271 3518 1350 3569 inm
1361 3517 1421 3570 Do-

305 3588 418 3639 minum
437 3584 563 3657 Jehovih
577 3591 604 3637 ct
613 3585 754 3639 Caelum!
792 3585 882 3638 Plura
895 3601 953 3638 non
968 3585 1052 3639 dixit.

358 3655 422 3710 “Et
440 3666 513 3710 tunc
531 3655 663 3724 quaesivi
687 3655 753 3710 illos
771 3656 809 3709 de
829 3655 961 3709 Domino
984 3655 1113 3727 Jehovih
1134 3671 1224 3727 quem
1243 3657 1362 3720 colunt;
1390 3669 1421 3712 et

305 3727 375 3790 dixi,
390 3725 498 3780 ‘Estne
513 3725 594 3779 Deus
609 3724 705 3787 Pater,
720 3725 844 3780 Creator
856 3725 1015 3780 universii'

358 3795 421 3850 “Et
434 3797 660 3866 responderunt,
681 3795 764 3858 ‘Est;
790 3797 843 3850 sed
857 3813 912 3851 nos
926 3813 978 3867 per
992 3797 1149 3850 Dominum
1169 3796 1296 3868 Jehovih
1311 3797 1420 3852 intelli·

326 3867 402 3922 imus
420 3865 565 3938 Jehovam
586 3865 615 3919 in
634 3881 690 3921 suo
710 3865 866 3928 Humano;
891 3884 950 3921 non
965 3867 1043 3921 enim
1063 3883 1222 3936 possumus
1235 3867 1366 3938 aspicere
1382 3869 1420 3922 ad

304 3885 449 4062 {choram
464 3935 493 3990 in
508 3937 613 3990 intima
625 3953 679 3992 sua
692 3935 864 3998 Divinitate,
879 3937 935 3992 nisi
948 3953 1037 4007 quam
1052 3954 1104 4007 per
1118 3937 1290 3991 Humanum
1306 3937 1420 4008 Ipsius.'

332 4017 427 4062 ttunc
436 4007 643 4078 explicuerunt
652 4008 733 4078 quod
745 4007 962 4070 intellexerunt,
971 4018 1002 4062 et
1010 4023 1130 4078 quoque
1140 4007 1230 4062 hodie
1241 4007 1420 4079 intelligunt,

307 4095 359 4149 per
445 4147 534 4196 Semen
544 4147 650 4195 mulieris
660 4149 728 4207 quod
739 4148 891 4195 conculcabit
901 4155 974 4208 eaput
983 4149 1100 4208 serpentis
1123 4147 1235 4208 (6111111.
1245 4149 1284 4206 15)
1293 4164 1298 4204 ;

305 4260 453 4324 videlicet,
463 4261 544 4332 quod
558 4260 721 4316 Dominum
731 4261 859 4334 jehovih
870 4273 1027 4318 venturum
1042 4262 1071 4316 in
1085 4262 1239 4324 mundum,
1250 4262 1420 4334 redemptu-

306 4349 371 4386 rurn
381 4343 412 4387 et
424 4331 606 4387 salvaturum
616 4333 781 4402 omnesqui
792 4333 981 4386 crediderunt
991 4343 1022 4387 et
1034 4333 1173 4387 credituri
1184 4344 1254 4387 sunt
1267 4334 1297 4386 in
1309 4333 1420 4404 Ipsum.

358 4409 374 4432 ⁰·
384 4401 440 4457 liis
452 4401 551 4458 effatis
560 4403 690 4457 cucurrit
699 4403 745 4456 vir
753 4403 790 4456 ad
804 4404 1014 4458 tabernacuum
1029 4420 1125 4465 suum,
1136 4413 1166 4457 et
1180 4403 1267 4458 rediit
1277 4419 1345 4458 cum
1359 4421 1420 4459 ma·

306 4473 469 4544 logranato,
489 4473 518 4527 in
538 4489 599 4544 quo
617 4473 674 4527 luit
692 4473 779 4544 copia
791 4474 938 4528 seminum
957 4490 994 4529 ex
1011 4491 1099 4537 auro:
1126 4484 1157 4528 et
1174 4475 1305 4536 donavit,
1319 4485 1350 4529 et
1369 4476 1420 4529 de-

307 4543 439 4614 portavi:
467 4544 548 4614 quod
561 4554 625 4598 erat
637 4543 756 4612 signum
770 4545 850 4611 quod
871 4543 1013 4598 iuerimus
1026 4561 1093 4598 cum
1108 4545 1230 4615 illisqui
1250 4545 1279 4598 in
1294 4543 1420 4600 Saeculo

308 4614 408 4668 Aureo
419 4613 584 4669 vixerunt.”
605 4613 943 4686 [Videaturopusculum
952 4615 1105 4670 deAmore
1120 4615 1298 4686 Conjrgrlrlr',
1312 4631 1340 4670 11.
1353 4628 1368 4681 7
1373 4618 1406 4684 5.]
