3352 5298
271 671 310 721 to
590 670 641 721 DE
663 669 769 721 NOVA
793 667 1069 722 HIEROSOLVMA

266 837 336 892 Veri
353 841 395 902 (de
410 843 526 904 quitum
549 837 601 893 sed
621 838 702 909 quod
721 837 854 909 cognitio
873 837 911 894 de
930 837 987 893 illis
1005 835 1096 893 hodie
1114 835 1235 908 perierit
1253 837 1294 907 (n.
1306 835 1385 908 4581,
1462 859 1466 868 ·

265 908 357 979 49⁶⁶)·

328 1082 368 1147 ιδ
398 1079 597 1163 Antequam
616 1080 659 1144 de
682 1079 783 1144 Nova
803 1077 1045 1162 Hierosolyma
1068 1087 1103 1143 et
1127 1077 1197 1162 ejus
1222 1077 1386 1144 Dotirina

268 1189 390 1272 agitur,
410 1187 536 1272 aliquid
559 1189 603 1252 de
626 1187 727 1253 Novo
750 1187 856 1252 Caelo
877 1197 913 1252 et
934 1188 977 1252 de
996 1186 1095 1252 Nova
1116 1187 1222 1252 Terra
1244 1189 1384 1254 dicetur.

180 1317 185 1339 ·
267 1299 305 1362 In
319 1298 483 1382 opusculo
494 1297 545 1362 De
561 1297 684 1363 Ultimo
696 1297 832 1373 Judicio
842 1307 875 1361 et
885 1296 1070 1379 Babylonia
1078 1298 1258 1374 destrubia,
1268 1307 1385 1364 osten·

266 1429 339 1473 sum
359 1417 413 1473 est
431 1407 511 1492 quid
530 1407 735 1490 intelligitur
753 1427 814 1490 per
832 1408 1005 1490 “primum
1028 1407 1161 1472 caelum
1184 1417 1220 1472 et
1242 1408 1385 1491 primam

266 1529 392 1582 terram
401 1517 417 1542 ”
439 1537 526 1600 quae
557 1517 808 1596 transiverant;
842 1537 928 1600 quae
958 1525 1141 1600 postquam
1167 1517 1384 1595 transierant,

267 1627 316 1690 ita
334 1635 516 1708 postquam
536 1623 693 1688 ultimum
708 1623 869 1706 judicium
888 1621 1062 1707 petatium
1081 1635 1145 1701 est,
1163 1643 1289 1688 novum
1307 1645 1385 1690 cae·

268 1735 336 1798 lum
366 1757 387 1798 a
416 1733 566 1798 Domino
595 1743 759 1808 creatum,
784 1732 850 1797 hoc
880 1744 946 1810 est,
970 1733 1152 1798 formatum
1182 1743 1246 1798 est.
1306 1734 1384 1799 Hoc

267 1843 399 1908 caelum
422 1843 605 1906 formatum
627 1851 682 1906 est
704 1842 748 1905 ab
770 1841 926 1905 omnibus
943 1841 1009 1905 illis
1027 1844 1083 1926 qui
1101 1851 1181 1926 post
1200 1843 1385 1908 adventum

268 1953 406 2017 Domini
431 1952 474 2016 ad
504 1951 570 2015 hoc
600 1971 705 2033 usque
735 1959 871 2034 tempus
900 1952 1007 2015 vitam
1035 1949 1113 2015 fidei
1142 1961 1178 2016 et
1208 1951 1386 2016 charitatis

266 2062 438 2136 vixerunt,
452 2061 610 2144 quoniam
627 2059 662 2122 hi
678 2058 787 2122 solum
800 2069 899 2124 erant
914 2059 1041 2125 formae
1057 2059 1163 2140 caeli;
1187 2079 1266 2124 nam
1278 2051 1386 2125 forma

267 2170 364 2246 caeli,
384 2171 569 2234 secundum
587 2189 688 2252 quam
705 2186 825 2232 omnes
844 2170 1118 2235 consociationes
1136 2181 1172 2234 et
1195 2171 1385 2234 communi·

267 2281 421 2344 cationes
440 2278 484 2341 ibi
502 2276 598 2352 fiunt,
618 2287 672 2342 est
695 2277 803 2342 forma
826 2278 940 2342 Divini
959 2278 1043 2343 Veri
1065 2301 1111 2344 ex
1135 2279 1260 2343 Divino
1287 2277 1386 2344 Bono

267 2388 476 2470 procedente
492 2408 512 2451 a
528 2387 687 2463 Domino,
701 2396 738 2451 et
757 2386 845 2451 hanc
864 2388 1006 2452 sormam
1023 2389 1131 2452 induit
1150 2389 1255 2452 homo
1273 2388 1385 2472 quoad

267 2495 423 2576 spiritum
439 2513 536 2557 suum
552 2495 732 2576 pervitam
749 2495 938 2558 secundum
952 2494 1113 2558 Divinum
1124 2493 1267 2558 Verum.
1302 2511 1387 2570 (Quod

266 2597 344 2644 forma
357 2597 416 2644 caeli
431 2597 488 2644 lude
500 2598 537 2652 sit,
552 2597 662 2645 videatur
676 2600 700 2646 in
714 2614 788 2660 opere
805 2601 844 2646 Dr
860 2599 929 2646 Caelo
943 2604 967 2644 et
979 2599 1083 2660 lustrato,
1098 2611 1122 2646 n.
1137 2583 1257 2653 eoo-ais:
1282 2604 1307 2644 et
1320 2599 1387 2656 quod

267 2689 351 2724 omnes
364 2678 442 2736 angeli
456 2677 503 2724 sint
513 2677 604 2724 formae
617 2680 685 2734 oaeli,
697 2693 720 2727 n.
730 2682 815 2738 51-58,
826 2685 850 2726 et
863 2677 959 2738 73-77.)
1000 2661 1059 2724 Ex
1085 2661 1137 2725 hlS
1161 2663 1239 2725 sclrl
1267 2671 1385 2744 potest

267 2769 449 2850 exquibus
468 2788 594 2833 novum
612 2770 745 2834 caelum
765 2767 891 2834 laetum
910 2779 974 2844 est,
988 2769 1067 2834 inde
1086 2769 1191 2833 etiam
1204 2767 1304 2852 quale
1319 2779 1385 2844 est,

269 2878 359 2958 quod
383 2896 505 2960 nempe
532 2898 667 2960 prorsus
690 2880 907 2956 unanimum;
942 2897 1021 2942 nam
1044 2878 1101 2960 qui
1120 2879 1226 2942 vitam
1249 2877 1328 2941 fidei
1350 2887 1386 2942 et

267 2985 446 3048 charitatis
464 2987 558 3062 vivit,
579 2987 607 3050 is
625 2997 718 3050 amat
738 2987 884 3051 alterum
903 2987 990 3051 sicut
1010 2996 1132 3062 semet,
1152 2995 1188 3050 et
1211 3007 1271 3069 per
1289 3004 1385 3049 amo·

267 3115 338 3158 rem
351 3095 527 3178 conjungit
540 3116 616 3159 eum
630 3097 702 3172 sibi,
715 3107 750 3160 et
763 3099 810 3162 sic
824 3097 970 3162 vicissim
984 3107 1019 3161 et
1032 3107 1151 3161 mutuo
1166 3118 1173 3161 :
1198 3116 1276 3159 nam
1290 3113 1386 3160 amor

268 3213 322 3267 est
339 3201 531 3286 conjunttio
547 3205 580 3269 in
596 3205 760 3288 spirituali
777 3205 925 3284 mundo;
948 3225 1051 3289 quare
1066 3225 1143 3269 cum
1157 3224 1277 3268 omnes
1292 3205 1385 3268 simi·

268 3311 346 3376 liter
364 3313 503 3389 iaciunt,
523 3323 604 3378 tunc
625 3335 669 3378 ex
689 3313 849 3398 pluribus,
867 3316 973 3378 immo
991 3335 1036 3378 ex
1055 3314 1238 3378 innumeris
1261 3333 1384 3378 conso·

268 3422 367 3485 ciatis
393 3423 580 3487 secundum
607 3423 749 3487 sormam
776 3423 873 3499 caeli,
902 3425 1023 3488 existit
1049 3423 1256 3496 unanimum,
1284 3431 1321 3487 et
1347 3420 1386 3486 fit

267 3531 355 3594 sicut
378 3549 501 3608 unum;
531 3531 614 3595 nihil
639 3534 729 3596 enim
746 3541 800 3596 est
826 3531 917 3616 quod
944 3541 1080 3615 separat
1108 3540 1143 3594 et
1170 3531 1301 3608 dividit,
1325 3531 1385 3597 sed

267 3659 368 3704 omne
384 3639 560 3722 conjungit
577 3651 612 3704 et
629 3643 712 3704 unit.

328 3765 372 3832 3.
402 3747 490 3830 Quia
502 3749 568 3813 hoc
585 3748 717 3814 caelum
729 3749 911 3814 formatum
928 3760 982 3815 est
997 3750 1041 3814 ab
1057 3750 1213 3814 omnibus
1229 3751 1286 3834 qui
1298 3749 1387 3816 tales

266 3859 409 3936 suerunt,
424 3880 528 3942 usque
544 3881 564 3924 a
580 3870 734 3943 tempore
751 3861 888 3924 Domini
904 3861 948 3924 ad
964 3881 1125 3945 praesens
1139 3871 1288 3944 tempus,
1302 3881 1385 3926 con-

266 3979 337 4033 stat
357 3969 447 4051 quod
466 3977 575 4032 tama
599 3967 799 4032 Christianis
817 3988 919 4052 quam
942 3990 963 4034 a
984 3971 1165 4052 gentibus3
1189 3969 1250 4033 sed
1273 3968 1386 4052 quoad

266 4079 452 4140 maximam
469 4087 602 4160 partem
621 4078 665 4142 ab
680 4079 830 4142 omnium
849 4077 1033 4142 infantibus
1049 4079 1082 4141 in
1102 4078 1260 4142 universo
1278 4087 1386 4142 terra·

266 4206 339 4250 rum
358 4185 439 4249 orbe
457 4187 512 4269 qui
532 4187 710 4252 obiverunt
729 4208 750 4251 a
765 4197 921 4271 tempore
941 4187 1089 4262 Domini,
1110 4206 1190 4252 nam
1209 4187 1243 4250 hi
1266 4207 1386 4252 omnes

266 4295 394 4377 recepti
413 4305 492 4360 sunt
511 4315 531 4359 a
550 4295 709 4373 Domino,
727 4303 763 4360 et
781 4295 918 4360 educati
934 4297 968 4360 in
985 4295 1093 4374 caelo,
1110 4315 1150 4359 ac
1170 4293 1326 4360 instruiti
1342 4295 1386 4359 ab

265 4403 408 4485 angelis,
439 4413 474 4468 et
503 4403 582 4468 dein
611 4406 815 4482 conservati,
836 4414 873 4469 ut
897 4423 1023 4470 novum
1053 4405 1186 4470 caelum
1214 4423 1384 4470 unacum

265 4513 400 4596 reliquis
412 4515 681 4578 constituerent:
706 4515 784 4578 inde
800 4513 957 4579 concludi
973 4524 1089 4598 potest
1102 4535 1203 4599 quam
1220 4534 1382 4599 magnum

265 4629 318 4684 est
335 4619 370 4683 id
388 4619 533 4684 caelum.
576 4635 662 4697 (Quod
675 4637 811 4696 omnesqui
824 4637 926 4684 intentes
939 4637 1080 4694 moriuntur.
1091 4638 1258 4684 educenturin
1269 4637 1345 4692 eaelo.
1356 4643 1381 4684 et
