3282 5294
286 672 324 741 52
692 667 743 721 ns
765 667 998 720 cunmrnrn.

286 848 353 919 pro
367 837 466 903 Nova
480 835 722 918 Hierosolyma,
739 837 772 899 in
788 834 930 900 articulo
947 835 1001 899 ubi
1017 835 1299 913 demonstratum,
1312 828 1403 920 quod

283 941 448 1014 quantum
468 933 571 996 homo
593 931 677 1013 sugit
700 929 790 994 mala
812 940 849 994 ut
872 940 1014 1011 peccata
1035 939 1169 994 tantum
1192 930 1292 996 saciat
1315 931 1405 996 bona

285 1045 353 1089 non
368 1045 389 1088 a
404 1045 440 1088 se
456 1025 516 1089 sed
531 1045 552 1087 a
567 1023 715 1088 Domino
730 1023 776 1105 (n.
797 1016 963 1106 [⁸¹18-31);
987 1023 1106 1107 quibus
1118 1024 1182 1088 hoc
1195 1023 1304 1089 solum
1320 1023 1403 1106 adji-

283 1121 381 1195 ciam,
399 1121 489 1201 quod
512 1119 575 1182 hoc
594 1119 701 1200 possit
717 1119 857 1200 quisque
873 1139 918 1180 ex
934 1117 1008 1182 solo
1023 1116 1150 1182 influxu
1166 1119 1336 1184 communi
1357 1139 1404 1184 ex

284 1213 383 1278 coelo
398 1213 521 1277 videre.
566 1211 667 1277 Sume
690 1231 922 1294 quemcunque
945 1211 1039 1288 velis,
1056 1211 1126 1276 sive
1148 1211 1318 1289 famulum,
1334 1214 1404 1278 sive

283 1307 452 1382 colonum,
469 1307 539 1370 sive
560 1306 759 1387 operarium,
776 1307 845 1368 sive
862 1305 1065 1381 nauclerum,
1082 1307 1152 1370 sive
1168 1317 1402 1383 mercatorem,

284 1401 387 1464 modo
409 1401 440 1464 ei
462 1399 598 1482 aliquod
613 1397 778 1464 rationale
793 1410 857 1474 est,
874 1419 914 1462 ac
937 1400 990 1463 dic
1014 1398 1123 1463 solum
1139 1400 1230 1482 quod
1253 1402 1309 1484 qui
1330 1401 1404 1466 odit

283 1493 409 1558 malum
425 1493 525 1557 saciat
541 1493 677 1568 bonum,
691 1504 726 1558 et
743 1493 831 1557 clare
844 1493 1026 1573 videbunt;
1050 1503 1086 1557 et
1102 1493 1179 1576 quia
1190 1495 1301 1558 sciunt
1312 1497 1404 1578 quod

284 1607 386 1652 omne
401 1588 527 1652 bonum
543 1589 586 1651 sit
602 1607 622 1650 a
639 1587 724 1666 Deo,
736 1587 789 1651 dic
806 1598 969 1670 quantum
985 1587 1088 1652 homo
1100 1588 1173 1652 odit
1186 1587 1311 1652 malum
1326 1590 1405 1671 quia

282 1693 336 1747 est
352 1693 472 1747 contra
487 1682 608 1758 Deum,
622 1691 757 1745 tantum
772 1681 872 1745 saciat
888 1681 1014 1745 bonum
1029 1702 1050 1746 a
1066 1681 1152 1758 Deo,
1169 1692 1205 1746 et
1220 1683 1382 1748 videbunt
1395 1705 1403 1759 ;

285 1787 321 1842 at
344 1777 397 1841 dic
414 1775 534 1840 similia
548 1774 646 1839 alicui
668 1776 725 1857 qui
747 1795 783 1838 se
799 1773 1010 1838 confirmavit
1032 1776 1065 1838 in
1081 1774 1156 1840 sola
1170 1775 1247 1851 fide,
1264 1785 1300 1840 et
1322 1785 1403 1842 tunc

283 1868 381 1934 simul
403 1871 437 1933 in
457 1890 509 1947 eo,
525 1870 615 1951 quod
638 1889 739 1934 nemo
762 1870 868 1950 possit
890 1869 999 1933 lacere
1022 1869 1148 1932 bonum
1170 1889 1191 1932 a
1212 1889 1260 1945 se,
1276 1879 1312 1934 et
1334 1889 1404 1934 non

283 1959 469 2041 [¹¹videbit3
499 1963 583 2026 salsa
604 1964 693 2027 enim
715 1962 811 2044 hujus
826 1965 934 2026 visum
950 1962 1150 2027 rationalem
1172 1983 1232 2027 seu
1248 1963 1404 2029 intellec·

282 2067 356 2122 tum
371 2057 595 2134 occluserunt,
612 2076 680 2122 non
696 2067 811 2121 autem
827 2057 969 2122 illorum.

285 2236 313 2290 3.
340 2236 412 2294 duod
420 2237 495 2290 homo
506 2237 600 2290 dotent
611 2239 703 2306 supere
713 2239 782 2290 muln
794 2241 824 2290 ut
831 2241 941 2303 peccatu
953 2237 1049 2291 rirutu
1060 2251 1098 2298 m,
1108 2237 1159 2291 eod
1169 2251 1251 2306 unus
1261 2253 1278 2292 u
1290 2238 1402 2292 Domino.

347 2351 433 2436 Quis
448 2373 515 2418 non
529 2353 604 2430 scit,
618 2355 673 2436 qui
689 2353 809 2435 legerit
819 2352 981 2430 Verbum,
995 2363 1030 2418 et
1046 2355 1097 2419 cui
1110 2354 1227 2436 religio
1239 2365 1302 2432 est,
1313 2355 1403 2438 quod

283 2447 374 2511 mala
388 2450 456 2512 sint
469 2457 620 2529 peccata.
653 2447 729 2511 Hoc
742 2448 843 2511 docet
854 2445 1006 2510 Verbum
1021 2467 1041 2510 a
1057 2449 1219 2530 principio
1231 2448 1274 2512 ad
1290 2448 1401 2524 finem,

282 2551 318 2604 et
340 2541 405 2605 hoc
426 2551 478 2605 est
495 2561 595 2605 omne
612 2540 791 2622 religionis.
837 2539 929 2605 Mala
944 2540 1100 2605 dicuntur
1116 2552 1259 2624 peccata
1280 2563 1326 2606 ex
1349 2563 1401 2620 eo,

283 2635 374 2716 quod
395 2636 464 2698 sint
480 2645 601 2698 contra
615 2633 778 2710 Verbum,
795 2643 830 2698 et
847 2645 966 2698 contra
981 2634 1189 2716 religionem.
1234 2633 1318 2717 Quis
1334 2656 1402 2702 non

284 2729 349 2791 scit
364 2727 455 2811 quod
470 2747 572 2791 nemo
584 2729 691 2810 possit
706 2728 820 2810 sugere
832 2726 923 2792 mala
937 2737 973 2791 ut
989 2739 1131 2810 peccata
1143 2729 1206 2792 nisi
1221 2729 1306 2794 sicut
1321 2752 1343 2794 a
1356 2751 1402 2796 se.

284 2819 368 2903 Quis
383 2821 481 2886 aliter
492 2831 607 2903 potest
620 2823 865 2904 poenitentiam
881 2841 991 2903 agere.
1028 2819 1158 2884 Annon
1173 2841 1288 2887 secum
1299 2823 1401 2902 dicet,

282 2915 347 2980 boc
364 2935 432 2980 non
448 2916 538 2990 volo,
555 2916 599 2979 ab
620 2916 685 2980 hoc
708 2915 862 2980 iaciendo
883 2916 1056 2991 desistam,
1072 2915 1141 2978 imo
1158 2918 1294 2997 quando
1316 2919 1402 2984 redit

283 3011 443 3091 pugnabo
459 3029 534 3074 cum
550 3009 609 3074 illo
624 3019 659 3074 et
675 3011 807 3073 vincam
824 3009 915 3072 illud.
960 3007 1027 3072 Sed
1043 3027 1147 3090 usque
1170 3011 1218 3072 ita
1233 3029 1335 3076 nemo
1349 3032 1403 3076 se·

283 3123 361 3168 cum
377 3104 523 3186 loquitur
535 3105 597 3167 nisi
613 3105 730 3167 credat
745 3105 778 3166 in
796 3103 926 3180 Deum3
949 3103 1004 3184 qui
1020 3121 1088 3166 non
1104 3103 1211 3167 credit
1231 3106 1265 3167 in
1281 3103 1401 3183 Deum,

283 3217 351 3261 non
367 3207 501 3279 reputat
514 3196 639 3261 malum
656 3217 717 3279 pro
729 3207 882 3278 peccato,
894 3197 942 3260 ita
953 3215 1021 3260 non
1038 3206 1166 3277 pugnat
1178 3207 1298 3261 contra
1310 3199 1401 3275 illud,

282 3291 343 3356 sed
366 3293 477 3373 potius
499 3310 561 3373 pro
582 3289 661 3368 illo;
685 3291 745 3353 sed
767 3291 823 3373 qui
839 3289 945 3354 credit
968 3291 1001 3353 in
1025 3289 1146 3366 Deum,
1162 3309 1276 3355 secum
1299 3295 1402 3358 etiam

282 3386 374 3460 dicit,
390 3405 411 3448 a
427 3385 502 3449 Deo
513 3385 646 3448 vincam
663 3383 764 3462 illud;
787 3403 826 3447 ac
843 3383 1009 3465 supplicat
1025 3393 1060 3447 et
1076 3384 1230 3463 obtinet;
1252 3385 1318 3450 hoc
1334 3407 1401 3452 non

283 3489 427 3561 negatur
442 3479 549 3554 alicui,
567 3478 626 3541 sed
642 3478 750 3552 datur,
768 3479 845 3560 quia
860 3477 1026 3540 Dominus
1047 3478 1080 3540 in
1101 3479 1262 3542 continuo
1277 3491 1402 3546 conatu

284 3583 348 3648 est,
362 3593 407 3636 ex
425 3571 548 3636 Divino
564 3570 632 3636 Suo
647 3593 773 3647 amore,
789 3571 990 3635 reformandi
1005 3581 1041 3634 et
1057 3573 1278 3653 regenerandi
1292 3574 1401 3638 homi·

285 3686 373 3742 nem,
390 3667 438 3730 ita
461 3665 655 3747 purificandi
678 3665 771 3728 illum
794 3687 814 3729 a
837 3663 953 3742 malis3
980 3674 1015 3728 et
1039 3673 1119 3728 tunc
1143 3677 1324 3747 perpetuus
1346 3667 1402 3733 ille

284 3770 427 3824 conatus
443 3759 579 3823 Domini
595 3759 631 3822 fit
648 3755 754 3834 adius,
771 3759 906 3841 quando
922 3757 1025 3822 homo
1040 3759 1143 3822 etiam
1159 3759 1232 3824 vult
1247 3761 1281 3824 id
1296 3781 1335 3826 ac
1352 3763 1401 3826 in·

282 3855 394 3919 tendit
406 3854 439 3916 id
451 3874 459 3932 ;
478 3853 524 3916 sic
537 3863 572 3917 et
585 3873 653 3916 non
665 3853 764 3916 aliter
775 3853 893 3933 recipit
906 3852 1010 3916 homo
1022 3853 1212 3933 potentiam
1224 3855 1402 3921 resistendi

283 3948 391 4022 malis,
405 3957 440 4012 et
457 3947 629 4029 pugnandi
641 3957 760 4010 contra
775 3946 852 4022 illa;
876 3947 965 4028 prius
980 3965 1049 4010 non
1064 3947 1183 4028 recipit
1198 3949 1258 4011 sed
1275 3947 1401 4030 rejicit;

281 4043 347 4106 hoc
363 4043 476 4124 itaque
492 4051 545 4104 est
561 4040 674 4122 sugere
691 4039 780 4103 mala
796 4049 833 4103 ut
849 4049 991 4121 peccata
1006 4041 1092 4105 sicut
1114 4061 1135 4104 a
1156 4061 1192 4104 se
1215 4041 1275 4105 sed
1298 4063 1402 4126 usque

282 4157 302 4200 a
326 4135 483 4199 Domino.
528 4132 595 4198 Sed
620 4135 662 4196 de
686 4135 749 4197 bac
773 4153 808 4197 re
831 4134 985 4197 videatur
1002 4135 1106 4198 etiam
1120 4133 1285 4199 Dolin'na
1308 4135 1404 4202 Vitae

284 4240 351 4310 pro
365 4229 465 4292 Noua
478 4227 710 4310 Hierosolyma
727 4227 775 4309 (n.
795 4227 967 4310 101-107);
990 4229 1109 4311 quibus
1123 4228 1207 4292 haec
1228 4229 1401 4311 adjiciam:

283 4323 347 4387 Dic
364 4323 490 4387 homini
506 4342 607 4385 sanae
624 4323 771 4396 rationis,
789 4321 889 4384 crede
905 4321 1007 4386 modo
1023 4322 1112 4404 quod
1128 4321 1282 4387 Christus
1299 4323 1402 4389 Filius

283 4417 346 4480 Dei
363 4417 542 4479 redemerit
559 4427 593 4479 te
606 4415 650 4478 ab
665 4415 803 4490 insemo,
817 4425 852 4478 et
868 4415 914 4479 sic
927 4415 970 4478 ab
982 4415 1074 4478 omni
1090 4415 1190 4491 malo,
1203 4427 1239 4480 et
1251 4419 1404 4499 supplica

279 4511 322 4573 ad
349 4509 459 4573 Deum
476 4511 609 4573 Patrem
625 4519 661 4572 ut
675 4519 857 4590 propterea
872 4509 1026 4572 remittat
1042 4509 1102 4573 tibi
1125 4519 1277 4591 peccata,
1294 4531 1333 4575 ac
1350 4533 1402 4576 re·

281 4605 412 4680 mittet,
430 4613 464 4666 et
487 4611 569 4664 tunc
592 4619 662 4663 non
684 4620 768 4683 opus
790 4603 929 4666 habebis
952 4601 1066 4685 sugere
1089 4603 1179 4667 mala
1201 4613 1237 4668 ut
1260 4615 1402 4686 peccata
