3322 5298
263 1270 611 1417 [CANONES
653 1271 897 1399 NOVAE
939 1271 1375 1416 Ecciuslnffl

674 1930 889 1982 1¹1PROL00
899 1931 960 1984 US.

324 2137 425 2222 Quod
455 2138 557 2204 hodie
587 2159 656 2204 non
686 2139 779 2204 aliud
810 2158 913 2223 quam
943 2137 1107 2204 ¹¹¹suisona
1136 2141 1225 2205 ratio
1254 2141 1385 2220 amoris,

262 2249 476 2326 instaurabit,
496 2249 574 2333 quia
593 2248 679 2332 lapsi
697 2257 787 2312 sunt.

325 2357 428 2441 Quod
450 2358 617 2422 hodierna
640 2357 787 2422 ecclesia
809 2365 900 2422 erret
926 2357 970 2422 de
997 2357 1084 2434 Deo,
1108 2357 1200 2442 quod
1223 2368 1313 2424 erret
1336 2359 1380 2422 de

262 2467 338 2544 fide,
358 2467 450 2553 quod
472 2478 563 2532 erret
586 2467 630 2532 de
652 2467 834 2543 charitate,
854 2477 890 2532 et
912 2467 1003 2551 quod
1027 2467 1110 2530 nihii
1133 2468 1220 2532 sciat
1242 2467 1285 2532 de
1308 2467 1380 2532 vita

262 2587 421 2657 aeterna;
445 2577 494 2642 ita
512 2577 604 2662 quod
624 2577 668 2642 sit
687 2577 720 2640 in
739 2576 896 2660 caligine.

325 2684 427 2770 Quod
443 2707 543 2770 super
554 2685 631 2750 idea
643 2685 707 2750 Dei
723 2694 800 2750 tota
815 2685 936 2769 religio
951 2685 1120 2764 fundetur,
1134 2695 1170 2752 et
1186 2686 1277 2770 quod
1293 2685 1379 2751 haec

262 2789 448 2876 ¹³¹sequatur
466 2789 652 2855 secundum
671 2789 776 2854 illam.

325 2899 427 2983 Quod
452 2898 538 2963 haec
565 2897 712 2964 ecclesia
738 2899 783 2962 sit
809 2897 854 2962 ad
880 2917 982 2982 quarn
1009 2899 1098 2964 sicut
1125 2895 1380 2964 ¹⁴1collinearunt

262 3027 381 3074 omnes
396 3007 563 3073 ecclesiae
582 3027 602 3072 a
618 3007 726 3091 prima
740 3005 775 3070 in
788 3007 928 3088 ordine3
951 3007 994 3072 de
1010 3028 1076 3091 qua
1093 3007 1215 3072 Daniel
1231 3007 1380 3092 prophe·

262 3119 359 3183 tavit.

314 3360 440 3428 ¹³¹Nova
452 3361 611 3428 Ecclesia
623 3381 691 3426 non
703 3361 816 3446 potuit
828 3361 1010 3426 instaurari
1025 3371 1210 3447 antequam
1224 3361 1381 3428 ultimum

259 3472 419 3556 judicium
448 3469 622 3557 peractum
644 3481 733 3548 erat,
750 3492 799 3536 ex
823 3491 926 3536 causa
948 3491 992 3536 ne
1012 3472 1234 3556 profanentur
1252 3471 1381 3538 sancta.

262 3582 359 3648 Tunc
375 3583 577 3666 promissum
594 3581 685 3666 quod
702 3601 822 3645 sensus
835 3580 1020 3664 spiritualis
1032 3579 1140 3646 Verbi
1155 3582 1381 3665 detegendos,

263 3701 298 3757 et
319 3689 425 3776 [quod
444 3687 694 3774 detegendum]
710 3689 803 3774 quod
821 3689 914 3754 solus
934 3689 1102 3754 Dominus
1123 3687 1197 3774 [sit]
1216 3689 1381 3768 Verbum,

262 3799 355 3884 cujus
373 3800 543 3866 adventus
559 3809 643 3864 tunc
663 3797 712 3864 fit.

325 3906 427 3991 Quod
454 3907 544 3992 apud
572 3927 701 3992 paucos
723 3907 826 3973 hodie
850 3908 895 3972 sit
921 3907 1052 3991 religio,
1076 3917 1130 3973 est
1157 3929 1203 3974 ex
1226 3927 1384 3985 causa,-

264 4016 327 4102 (1.)
356 4015 461 4101 Quod
489 4037 558 4082 non
582 4017 709 4082 sciatur
735 4017 778 4082 de
806 4017 956 4082 Domino
983 4017 1074 4101 quod
1100 4018 1145 4082 sit
1171 4017 1264 4082 solus
1289 4017 1384 4082 Deus

262 4147 408 4210 persona
429 4135 466 4192 et
493 4127 655 4203 essentia,
679 4126 713 4190 in
740 4146 808 4210 quo
830 4125 1005 4206 Trinitas;
1032 4145 1109 4191 cum
1133 4135 1250 4191 tamen
1272 4125 1383 4190 omnis

262 4235 382 4320 religio
396 4234 556 4300 fundatur
573 4253 674 4320 super
688 4235 889 4316 cognitione
908 4235 985 4312 Dei,
999 4255 1038 4300 ac
1056 4235 1166 4319 ipsius
1181 4231 1383 4300 adoratione

262 4354 298 4410 et
321 4343 436 4410 cultu:
471 4341 535 4428 (2.)
563 4341 666 4427 Quod
688 4363 758 4409 non
777 4345 905 4410 sciatur
922 4345 1014 4430 quod
1033 4343 1118 4409 fides
1136 4363 1206 4409 non
1224 4343 1316 4409 aliud
1338 4345 1383 4410 sit

262 4471 364 4536 quarn
382 4452 520 4531 veritas,
538 4463 575 4518 et
598 4453 689 4538 quod
708 4473 777 4519 non
796 4453 924 4519 sciatur
947 4471 1027 4518 num
1050 4451 1117 4518 hoc
1140 4453 1231 4538 quod
1253 4462 1382 4518 vocant

262 4561 364 4628 fidem
390 4563 436 4629 sit
464 4563 591 4629 veritas
620 4562 676 4628 vel
702 4583 791 4628 non:
831 4561 893 4648 (3.)
925 4561 1028 4646 Quod
1056 4581 1125 4628 non
1147 4561 1275 4629 sciatur
1301 4561 1379 4646 quid
