3338 5300
302 707 345 772 60
775 717 961 768 coxours..

353 889 452 940 “Dixit
468 883 590 954 Jehovah
607 889 641 938 ad
660 887 784 949 Mosen,''
797 889 847 938 Dic
864 889 924 938 liliis
937 888 1045 938 Israelis
1062 899 1090 939 ut
1105 888 1185 938 “sint
1201 889 1286 951 parati
1304 889 1332 938 in
1349 889 1420 938 diem

432 956 548 1011 tertium,
563 957 625 1018 quia
636 955 680 1004 die
697 955 775 1005 tertio
787 955 931 1006 descendet
947 954 1069 1020 jehovah
1087 955 1114 1003 in
1132 954 1216 1003 oculis
1228 955 1317 1003 omnis
1330 954 1421 1018 populi

431 1035 512 1082 super
531 1019 653 1070 Montem
671 1021 753 1070 Sinai.
893 1021 927 1070 Et
943 1017 1044 1070 lodium
1062 1029 1103 1070 est
1120 1020 1147 1068 in
1165 1021 1209 1068 die
1226 1021 1322 1070 tertio.
1335 1056 1341 1069 .
1354 1056 1361 1069 .
1374 1057 1380 1069 .
1391 1029 1421 1069 ut

431 1095 524 1135 essent
535 1101 616 1134 voces
628 1095 655 1134 et
673 1085 779 1148 iulgura
790 1095 817 1134 et
834 1087 919 1136 nuboe
930 1081 1047 1148 gravisffl
1060 1101 1141 1148 super
1156 1095 1256 1144 monte,
1270 1095 1297 1134 et
1309 1099 1363 1134 vox
1375 1086 1422 1134 bu-

432 1153 508 1201 cinae
521 1151 599 1200 valde
608 1153 762 1210 vehemens,
776 1161 806 1200 ut
823 1151 968 1213 trepidaret
978 1151 1119 1200 universus
1132 1151 1246 1214 populus
1257 1151 1301 1214 qui
1320 1151 1347 1198 in
1365 1165 1422 1200 cas·

432 1218 488 1266 tris.
622 1217 703 1265 Mons
717 1216 790 1265 Sinai
807 1226 879 1266 totus
891 1217 1020 1274 fumabat,
1034 1216 1097 1279 quia
1107 1215 1244 1265 descendit
1261 1229 1343 1279 super
1359 1231 1420 1265 eum

432 1278 579 1347 [Jehovah]
599 1282 625 1331 ln
644 1281 734 1344 lgne,”
746 1291 774 1332 et
790 1283 978 1344 promulgabat
989 1295 1078 1330 coram
1091 1281 1191 1346 populo
1208 1281 1308 1345 Legem
1324 1281 1418 1344 (ΕΜΔ.

430 1347 484 1398 xix.
496 1361 577 1411 9-24;
594 1361 652 1411 cap.
666 1343 737 1414 [xm]
750 1359 811 1408 1-15
824 1345 871 1414 [B.
882 1349 918 1399 Α.
931 1344 1027 1412 1—181).

300 1491 470 1574 Apparuit
489 1492 594 1555 etiam
615 1491 781 1580 Dominus
799 1489 924 1572 Josuae
944 1501 981 1556 ut

350 1639 506 1702 “Princeps
530 1640 661 1690 exercitus
678 1639 821 1718 Jehovae”
838 1655 929 1716 eoram
947 1655 1001 1704 quo
1023 1640 1107 1706 Josua
1130 1641 1224 1692 cecidit
1246 1641 1314 1692 iacie
1337 1657 1420 1706 super

431 1715 538 1764 terram,
553 1715 580 1754 et
592 1715 699 1755 vocavit
712 1705 791 1755 Illum
803 1705 958 1770 AdonaJum
971 1721 1049 1756 suum
1061 1707 1131 1772 (Jor.
1142 1721 1167 1758 v.
1181 1721 1219 1768 13,
1233 1709 1282 1771 14).

371 1847 502 1912 Vocatio
514 1847 668 1932 filiorum
685 1847 829 1912 Israelis
851 1849 901 1913 ad
921 1847 1064 1913 Terram
1084 1847 1285 1926 Canaanem,
1306 1853 1354 1916 ita
1376 1852 1419 1915 ad

300 1942 501 2018 Ecclesiam,
527 1945 630 2006 etiam
654 1953 707 2006 ter
740 1941 830 2006 salta
852 1953 925 2024 est;
960 1965 1027 2007 una
1049 1946 1092 2008 ad
1116 1945 1317 2021 Abramum,
1341 1957 1419 2010 ute

300 2047 390 2102 terra
405 2038 515 2120 patria
530 2059 591 2101 sua
607 2037 684 2100 illuc
702 2037 822 2114 abiret,
836 2048 872 2102 et
888 2059 988 2121 porro
1004 2041 1181 2122 promissio
1196 2041 1287 2124 quod
1303 2061 1419 2104 semen

301 2132 371 2213 ejus
395 2131 684 2195 haereditaturum
708 2133 752 2196 sit
775 2131 868 2196 illam
888 2144 1014 2197 terram
1040 2132 1135 2216 (Gen.
1155 2136 1212 2198 xii.
1233 2134 1327 2218 1—7);
1359 2157 1419 2198 vo-

300 2228 391 2290 catio
406 2227 510 2289 etiam
526 2223 614 2290 sacta
630 2236 684 2290 est
701 2247 760 2308 per
776 2227 897 2291 Mosen
912 2226 1035 2310 (Exod.
1048 2230 1090 2292 iii.
1108 2229 1154 2305 16,
1172 2228 1245 2313 17);
1269 2239 1305 2293 et
1320 2251 1419 2313 porro

300 2341 359 2404 per
376 2321 515 2403 Josuam
536 2319 628 2402 (Jos.
644 2322 664 2384 i.
682 2337 711 2401 3,
726 2342 808 2404 seq,
825 2331 861 2386 et
884 2323 948 2405 11).

362 2431 436 2498 5ο.
465 2415 593 2478 Foedus
611 2415 711 2479 ettam
722 2417 860 2497 pallum
877 2427 929 2480 est
950 2415 1123 2499 aliquoties
1134 2440 1149 2492 ,·
1181 2419 1324 2502 primum
1343 2439 1419 2483 cum

300 2508 455 2572 Abramo
484 2507 542 2592 (de
567 2530 633 2591 quo
659 2509 736 2573 Gen.
756 2511 835 2574 xvii.
859 2510 975 2594 1-14);
1009 2509 1161 2595 [deinde]
1190 2532 1267 2576 curn
1291 2513 1419 2596 Populo

302 2602 424 2687 (Exod.
436 2605 531 2667 xxiv.
544 2619 574 2685 7,
588 2606 607 2668 8
620 2626 627 2683 ;
652 2615 687 2668 et
703 2625 813 2687 porr0,
825 2605 901 2680 Jos.
915 2607 1010 2669 xxiv.
1023 2623 1074 2686 24,
1089 2607 1155 2688 25).
1194 2607 1250 2670 Ex
1266 2607 1318 2672 his
1331 2628 1418 2672 nunc

299 2707 406 2781 patet,
424 2699 514 2781 quod
538 2700 663 2782 primus
682 2709 794 2762 status
812 2699 908 2782 hujus
927 2699 1104 2764 Ecclesiae
1122 2702 1220 2765 luerit
1238 2701 1420 2786 Apparitio

299 2793 437 2856 Domini
465 2793 621 2874 Jehovih‚
653 2813 693 2857 ac
725 2792 873 2858 Vocatio
903 2805 939 2859 et
970 2793 1243 2872 confoederatio,
1271 2807 1307 2861 et
1337 2807 1417 2862 tunc

299 2887 369 2970 ejus
388 2887 492 2950 Ortus
511 2903 570 2950 seu
590 2887 702 2951 Mane.

363 2981 465 3062 Quod
484 3003 543 3064 per
561 2981 776 3046 “Dominum
794 2982 963 3064 Jehovih”
979 2985 1086 3048 ubivis
1104 2985 1138 3048 in
1157 2985 1274 3049 Verbo
1293 2986 1417 3050 intelli-

299 3087 400 3158 gatur
417 3075 572 3157 Jehovah
591 3077 624 3139 in
646 3075 806 3140 Humano
825 3099 896 3152 su0,
913 3079 969 3161 qui
988 3088 1041 3142 est
1061 3078 1227 3142 Dominus
1246 3080 1418 3164 Redemp-

299 3180 408 3235 toret
428 3168 586 3234 Salvator
602 3181 729 3248 noster,
749 3173 783 3235 in
802 3173 1021 3255 sequentibus
1040 3173 1218 3238 videbitur.

359 3355 426 3423 51.
454 3338 510 3418 (il.)
535 3339 620 3409 duod
640 3339 796 3402 secundus
819 3345 923 3402 slatus
950 3339 1039 3424 lajas
1062 3341 1224 3404 Ecclesiae
1249 3341 1347 3406 luerit
1371 3343 1420 3405 ln·

299 3429 442 3501 structio,
456 3434 490 3491 el
502 3429 619 3491 demum
633 3428 820 3492 loiromirsio
834 3429 864 3492 io
883 3429 1008 3492 Terram
1022 3429 1207 3503 lauronem,
1219 3437 1253 3494 el
1266 3437 1339 3495 iuno
1353 3434 1420 3516 ejvs

300 3520 481 3603 Propesrrlo
495 3521 525 3582 ln
539 3521 639 3583 lusam
654 3527 688 3584 et
700 3521 932 3605 ilisa—Supra
950 3523 1135 3586 indicatum
1158 3534 1211 3587 est
1233 3526 1323 3606 quod
1347 3535 1417 3589 tam

300 3616 455 3680 Ecclesia
471 3615 625 3698 Antiqua
637 3635 696 3680 seu
709 3616 882 3682 Noachica
894 3637 995 3699 quarn
1012 3618 1095 3680 haec
1110 3618 1295 3682 Israelitica
1307 3621 1418 3702 quoad

300 3731 436 3774 omnem
456 3709 584 3773 cultum
603 3731 699 3774 suum
723 3699 820 3775 luerit
844 3713 1143 3794 repraesentativa.
1189 3711 1300 3776 Causa
1323 3715 1417 3796 hujus

300 3805 533 3887 providentiae
556 3805 700 3868 Divinae
723 3804 794 3881 fuit,
815 3807 905 3889 quod
927 3805 1082 3888 Jehovah
1107 3809 1254 3870 nondum
1274 3809 1418 3873 induerit

300 3899 496 3963 Humanum
528 3900 702 3976 Naturale,
734 3903 824 3984 quod
857 3923 917 3984 per
950 3901 1222 3965 incarnationem
1256 3904 1288 3965 in
1322 3913 1418 3966 utero

300 3993 437 4070 Mariae,
458 3997 506 4058 ita
529 3997 714 4058 secundum
737 3997 890 4060 ordinem
913 4017 933 4058 a
956 3997 1129 4060 creatione
1152 3997 1416 4072 constabilitum,

298 4090 466 4171 suscepit;
501 4100 536 4152 et
560 4110 628 4151 non
652 4091 740 4172 prius
764 4091 875 4172 potuit
898 4089 1056 4172 conjungi
1079 4090 1206 4154 homini
1228 4091 1339 4173 quoad
1366 4091 1416 4154 in·

298 4183 422 4248 teriora
438 4185 571 4266 spiritus
588 4183 668 4265 ejus,
686 4193 721 4248 et
740 4187 786 4248 sic
806 4187 850 4248 ibi
870 4186 912 4248 ad
932 4186 1185 4268 perceptionem
1203 4185 1417 4249 manifestare

299 4277 424 4341 Divina
446 4277 522 4352 Sua,
543 4301 629 4362 quae
652 4289 731 4344 sunt
754 4279 916 4345 caelestia
938 4291 974 4344 et
997 4279 1193 4362 spiritualia,
1217 4281 1323 4344 etsie
1346 4279 1417 4344 alta

300 4393 398 4455 supra
429 4392 570 4435 acumen
602 4393 759 4437 sensuum
790 4376 950 4456 corporis.
996 4375 1073 4438 Hoc
1107 4384 1179 4438 tum
1210 4374 1416 4457 impossibile

188 4549 191 4556 .
298 4467 358 4530 suit
377 4468 463 4531 sicut
483 4477 536 4530 est
553 4469 633 4532 dare
649 4470 702 4532 avi
717 4469 870 4532 volatum
889 4471 923 4532 in
942 4469 1091 4543 aethere,
1108 4489 1147 4534 ac
1167 4471 1248 4552 pisci
1264 4489 1415 4551 gressum

299 4563 332 4624 in
356 4581 442 4626 aere.
487 4561 576 4625 Nam
603 4564 631 4626 si
659 4563 812 4644 Jehovah
836 4564 924 4646 apud
952 4563 1124 4628 hominem
1149 4565 1210 4626 nisi
1233 4583 1333 4646 quam
1357 4583 1416 4645 per

301 4655 496 4720 Humanum
529 4677 624 4720 suum
658 4659 810 4734 intraret,
845 4658 930 4722 soret
964 4659 1050 4723 sicut
1084 4659 1255 4722 termitem
1288 4657 1415 4722 arboris
