3338 5300
326 680 371 744 40
801 675 972 729 conotus

328 845 433 909 hilum
452 847 495 909 ab
513 845 669 925 homine;
698 857 732 910 et
756 857 871 910 tamen
890 847 980 929 quod
1003 867 1063 930 per
1085 849 1387 912 commorationem
1410 859 1444 913 et

328 943 631 1022 cooperationem.
656 942 733 1004 inde
756 942 846 1024 quod
870 941 1034 1004 Dominus
1057 943 1100 1005 sit
1127 944 1160 1006 in
1188 942 1246 1006 illo
1269 953 1304 1006 et
1330 943 1387 1006 ille
1410 945 1442 1006 in

328 1033 485 1108 Domino,
506 1033 651 1099 facturus
670 1037 713 1099 sit
732 1037 857 1099 bonum
881 1058 901 1099 a
919 1058 965 1113 se,
985 1049 1021 1100 at
1041 1057 1145 1120 usque
1163 1039 1197 1100 in
1215 1037 1281 1100 fide
1300 1047 1336 1101 et
1359 1037 1442 1100 lidu-

327 1131 378 1193 cia
396 1131 486 1212 quod
510 1151 577 1192 non
601 1152 621 1193 a
643 1151 679 1195 se
700 1131 760 1194 sed
783 1152 804 1194 a
827 1131 984 1195 Domino.
1030 1130 1087 1196 Sin
1110 1133 1219 1208 aliter,
1238 1132 1343 1195 homo
1364 1133 1443 1195 facit

326 1225 432 1288 instar
450 1225 539 1300 boni,
560 1226 592 1286 in
612 1246 678 1308 quo
696 1227 786 1288 intus
805 1237 857 1289 est
876 1225 1002 1288 malum
1021 1227 1098 1309 quia
1117 1228 1293 1302 meritum;
1320 1237 1356 1290 et
1379 1225 1443 1290 hoc

326 1329 378 1382 est
402 1319 501 1382 edere
525 1340 569 1381 ex
593 1319 765 1382 arboribus
788 1321 947 1384 scientiae
974 1319 1054 1383 boni
1080 1329 1115 1382 et
1139 1320 1228 1396 mali,
1251 1321 1340 1383 inter
1360 1305 1444 1402 buas

326 1413 459 1476 habitat
483 1412 637 1494 Serpens
662 1415 695 1476 in
718 1415 790 1476 dira
813 1415 1028 1496 persuasione
1050 1415 1140 1496 quod
1164 1416 1207 1478 sit
1230 1415 1317 1477 sicut
1341 1414 1442 1486 Deus,

325 1507 380 1569 vel
407 1507 497 1589 quod
526 1527 593 1568 non
620 1508 663 1570 sit
695 1507 797 1582 Deus,
826 1509 886 1570 sed
913 1509 1003 1590 quod
1031 1508 1163 1571 Natura
1190 1529 1276 1590 quae
1302 1519 1445 1572 vocatur

327 1601 429 1676 Deus,
447 1611 481 1664 et
501 1603 591 1683 quod
611 1623 654 1664 ex
675 1602 761 1665 illius
779 1601 957 1666 elementis
972 1603 1137 1666 conflatus
1156 1604 1209 1666 sit.
1255 1603 1442 1676 Praeterea,

326 1695 373 1759 illi
406 1698 589 1759 comedunt
623 1717 667 1759 ex
701 1698 874 1760 arboribus
908 1697 1069 1760 scientiae
1102 1698 1181 1761 boni
1214 1707 1249 1760 et
1282 1697 1361 1760 mali
1391 1697 1444 1780 qui

326 1801 442 1852 amant
460 1811 495 1852 se
512 1799 546 1852 et
566 1790 726 1854 mundum
744 1811 842 1872 super
857 1792 970 1854 omnia
985 1812 992 1868 ;
1016 1800 1051 1853 at
1070 1789 1118 1854 illi
1137 1791 1241 1854 edunt
1257 1812 1303 1854 ex
1319 1792 1445 1854 arbori·

326 1885 388 1948 bus
415 1887 505 1947 vitae
535 1885 589 1966 qui
619 1895 735 1947 amant
768 1885 877 1948 Deum
908 1905 1007 1966 super
1037 1887 1159 1959 omnia,
1188 1895 1223 1948 et
1253 1886 1444 1966 proximum

326 1981 412 2042 sicut
429 1999 465 2041 se
481 1980 598 2060 ipsum.
645 1979 697 2040 llli
716 1980 819 2041 etiam
835 1980 1017 2042 comedunt
1034 2001 1078 2041 ex
1095 1981 1268 2042 arboribus
1284 1981 1445 2043 scientiae

326 2075 406 2136 boni
429 2082 463 2136 et
487 2073 565 2134 mali
588 2073 643 2154 qui
662 2072 851 2136 excludunt
871 2092 1019 2136 canones
1038 2093 1099 2155 pro
1119 2073 1275 2136 Ecclesia
1297 2094 1342 2136 ex
1366 2094 1443 2156 pro·

327 2169 397 2249 pria
416 2167 651 2248 intelligentia,
673 2177 707 2230 et
731 2177 852 2248 postea
870 2167 1073 2230 confirmant
1096 2167 1172 2231 illos
1191 2187 1250 2249 per
1271 2167 1440 2244 Verbum;

326 2272 362 2324 at
386 2263 530 2324 vicissim
554 2261 600 2323 illi
623 2261 728 2324 edunt
752 2283 796 2324 ex
820 2261 993 2324 arboribus
1015 2263 1105 2324 vitae
1128 2263 1183 2344 qui
1211 2281 1360 2325 canones
1386 2283 1445 2344 pro

327 2355 481 2419 Ecclesia
498 2366 696 2438 comparant
716 2356 777 2418 sibi
797 2377 856 2438 per
871 2355 1034 2429 Verbum,
1051 2365 1086 2418 et
1106 2367 1225 2438 postea
1242 2355 1442 2420 confirmant

326 2451 402 2513 illos
426 2471 484 2532 per
508 2451 779 2532 intelligentiam.
826 2449 879 2512 llli
898 2470 1030 2532 quoque
1050 2451 1232 2514 comedunt
1252 2470 1296 2514 ex
1316 2452 1441 2514 arbori·

327 2545 387 2606 bus
411 2547 569 2608 scientiae
593 2545 671 2607 boni
695 2555 729 2606 et
753 2543 831 2606 mali
854 2545 908 2625 qui
932 2543 1056 2607 docent
1080 2546 1242 2607 veritates
1265 2565 1310 2608 ex
1330 2545 1444 2608 Verbo

327 2650 361 2702 et
386 2639 474 2702 male
496 2640 624 2712 vivunt,
644 2649 679 2701 at
702 2637 749 2700 illi
772 2639 877 2701 edunt
900 2657 944 2700 ex
969 2637 1141 2700 arboribus
1163 2639 1255 2702 vitae
1277 2639 1332 2720 qui
1359 2640 1444 2703 bene

327 2735 444 2797 vivunt
458 2743 492 2796 et
506 2734 630 2796 docent
644 2753 687 2796 ex
702 2731 828 2796 Verbo.
873 2731 1128 2805 Universaliter,
1143 2752 1261 2796 omnes
1275 2733 1322 2795 illi
1335 2753 1444 2796 come-

327 2828 411 2890 dunt
428 2849 472 2889 ex
488 2829 661 2890 arboribus
676 2827 837 2889 scientiae
856 2825 935 2888 boni
951 2836 986 2888 et
1003 2825 1081 2888 mali
1097 2827 1153 2908 qui
1169 2838 1296 2907 negant
1317 2827 1443 2890 Divini-

327 2931 434 2984 tatem
452 2921 587 2984 Domini
604 2932 638 2984 et
655 2918 872 2983 santlitatem
889 2919 1015 2998 Verbi;
1037 2921 1194 3002 quoniam
1211 2921 1377 2984 Dominus
1393 2931 1444 2984 est

327 3014 441 3078 Arbor
460 3015 572 3089 Vitae,
593 3035 631 3077 ac
651 3015 813 3089 Verbum,
833 3035 877 3076 ex
897 3033 963 3095 quo
987 3013 1141 3077 Ecclesia
1159 3025 1212 3094 est
1233 3015 1394 3078 “Hortus
1412 3017 1443 3078 in

328 3109 427 3172 Eden
446 3109 489 3171 ab
508 3109 665 3172 oriente.”

386 3217 460 3282 30·
492 3201 606 3264 Homo
638 3202 818 3284 spiritualis
851 3212 903 3266 est
936 3199 1068 3266 erectus
1100 3202 1214 3276 homo,
1246 3205 1300 3284 qui
1334 3205 1444 3286 capite

328 3316 427 3377 supra
453 3316 489 3357 se
516 3307 551 3358 et
578 3298 700 3358 circum
729 3317 764 3358 se
791 3294 923 3378 spectat
950 3297 1091 3372 caelum,
1117 3307 1152 3359 et
1182 3296 1308 3378 plantis
1335 3300 1444 3360 calcat

329 3401 474 3452 terram:
509 3401 545 3453 at
572 3391 675 3456 homo
699 3391 861 3454 naturalis
883 3385 1057 3473 separatus
1084 3411 1104 3454 a
1130 3392 1292 3472 spirituali
1315 3403 1368 3455 est
1391 3392 1444 3455 vel

329 3485 414 3546 sicut
431 3485 622 3546 incurvatus
639 3485 752 3558 homo,
766 3486 821 3566 qui
838 3486 949 3566 capite
965 3495 1074 3560 nutat,
1088 3496 1123 3548 et
1140 3487 1299 3549 continue
1312 3483 1445 3567 spectat

329 3588 463 3652 terram,
483 3589 518 3640 et
542 3588 621 3640 tunc
645 3599 780 3660 gressus
803 3581 925 3660 pedum
945 3597 1099 3656 suorum;
1131 3578 1186 3642 vel
1209 3589 1262 3642 est
1285 3581 1372 3643 sicut
1395 3581 1444 3642 in·

329 3693 453 3746 versus,
478 3673 533 3753 qui
556 3672 706 3735 ambulat
730 3691 828 3753 super
851 3672 971 3754 palmis
994 3692 1162 3747 manuum,
1187 3683 1221 3736 et
1245 3673 1288 3736 ad
1315 3674 1444 3737 caelum

329 3767 420 3830 tollit
451 3766 565 3847 pedes,
593 3775 627 3828 et
658 3787 717 3848 per
747 3767 865 3828 horum
896 3768 1101 3830 vibrationes
1131 3777 1167 3830 et
1197 3767 1446 3849 complosiones

329 3861 408 3924 facit
432 3859 568 3923 cultum.
616 3860 729 3923 Homo
752 3860 931 3940 spiritualis
954 3871 1007 3924 est
1030 3862 1116 3924 sicut
1140 3861 1243 3924 homo
1265 3861 1371 3936 dives,
1395 3864 1445 3926 cui

310 3953 502 4040 palatium,
522 3955 555 4016 in
578 3975 644 4036 quo
666 3965 744 4016 sunt
768 3953 938 4029 cenacula,
959 3953 1111 4029 thalami,
1132 3954 1285 4030 triclinia,
1305 3977 1445 4038 quorum

330 4051 476 4131 parietes
492 4057 570 4110 sunt
587 4051 766 4112 continuae
782 4047 948 4111 fenestrae
964 4069 1008 4111 ex
1025 4043 1144 4111 vitris¹¹¹
1157 4049 1372 4130 crystallinis
1390 4070 1446 4132 per

331 4163 413 4226 quas
431 4139 551 4205 videtl'l
570 4142 699 4216 hortoS,
720 4161 830 4224 agros,
850 4161 973 4224 greges
996 4152 1031 4206 et
1053 4153 1218 4218 armenta,
1238 4164 1323 4226 quae
1344 4146 1445 4207 etiarn

331 4235 400 4318 ejus
423 4238 644 4319 possessionis
662 4247 751 4310 sunt,
771 4257 815 4298 ex
835 4255 974 4318 quorum
997 4235 1135 4318 aspectu
1154 4247 1188 4300 et
1212 4257 1272 4299 usu
1290 4259 1326 4300 se
1345 4239 1446 4302 cotti·

331 4333 386 4395 die
408 4329 579 4394 oblectat:
612 4331 715 4394 homo
733 4341 846 4394 autem
866 4329 1026 4394 naturalis
1046 4343 1220 4412 separatus
1243 4351 1262 4394 a
1285 4332 1447 4414 spirituali

332 4435 384 4490 est
403 4445 534 4508 quoque
553 4425 639 4488 sic'ut
661 4424 765 4488 horno
784 4425 888 4499 dives,
908 4425 960 4486 cui
979 4434 1031 4488 est
1050 4425 1212 4506 palatium
1231 4427 1265 4488 in
1284 4445 1351 4508 quo
1369 4439 1446 4488 sunt

332 4539 485 4583 camerae
501 4539 638 4602 quarum
658 4521 802 4601 parietes
821 4527 899 4582 sunt
922 4521 1102 4583 continuae
1126 4519 1261 4583 tabulae
1284 4539 1329 4582 ex
1353 4519 1446 4601 ligno

332 4615 431 4695 putri,
451 4614 540 4695 quod
564 4614 637 4676 luce
656 4613 747 4676 latua
765 4611 992 4688 circumlucet,
1013 4615 1045 4676 in
1068 4634 1133 4696 qua
1155 4615 1320 4696 imagines
1342 4615 1446 4678 fastus
