3338 5300
330 694 372 760 4²
803 686 977 742 conotus.

331 858 561 926 intellectuale
583 881 643 944 per
666 861 801 925 “virum
813 861 839 940 ;”
867 861 952 925 haec
975 861 1051 938 tria,
1075 861 1152 945 quia
1174 883 1276 928 unum
1299 865 1450 946 sequitur

331 956 485 1031 alterum,
502 953 683 1019 maledicta
697 965 787 1020 sunt.
817 952 872 1034 (In
889 955 1038 1020 Arcanis
1060 955 1274 1034 caelestibus,
1291 957 1347 1021 ubi
1367 977 1448 1020 una·

330 1051 468 1132 quaevis
488 1070 567 1125 vox,
585 1059 620 1113 et
639 1050 864 1132 unusquisque
880 1069 1001 1113 vocum
1017 1047 1220 1126 intellectus,
1238 1071 1298 1134 per
1313 1070 1449 1114 sensum

331 1143 537 1226 spiritualem
565 1145 620 1226 qui
649 1164 670 1207 a
699 1143 848 1208 Domino
874 1142 955 1207 mihi
982 1143 1151 1208 revelatus
1177 1155 1242 1222 est,
1269 1144 1450 1210 enucleata

331 1248 428 1316 sunt;
452 1259 538 1321 quae
556 1239 633 1320 quia
651 1247 803 1313 exstant,
822 1239 951 1302 consuli
970 1235 1139 1322 possunt.)

392 1347 460 1414 32.
490 1333 571 1396 Post
587 1332 674 1396 hanc
688 1330 960 1397 maledistionem
973 1333 1174 1397 describitur
1184 1343 1322 1416 quartus
1338 1343 1448 1398 status

331 1424 427 1507 hujus
444 1424 630 1502 Ecclesiae,
647 1428 702 1510 qui
721 1427 782 1491 suit
802 1437 913 1490 status
935 1426 1005 1508 ejus
1028 1424 1137 1491 noctis
1163 1428 1197 1490 in
1223 1427 1449 1510 spiritualibus

330 1530 365 1583 et
384 1530 525 1584 vocatur
543 1519 809 1596 Consummatio,
830 1541 889 1604 per
907 1521 998 1604 quod

380 1668 513 1732 Expulsus
525 1669 604 1718 luerit
616 1684 649 1718 ex
660 1669 747 1728 horto,
764 1669 823 1719 “ad
835 1669 977 1718 colendum
990 1679 1097 1729 terram,
1111 1684 1127 1719 e
1144 1684 1197 1734 qua
1207 1679 1331 1734 sumptus
1343 1679 1400 1720 erat
1409 1669 1433 1728 ς’·

331 1831 390 1893 per
405 1811 495 1894 quod
514 1809 714 1892 intelligitur
729 1811 820 1892 quod
836 1811 1031 1893 deprivatus
1050 1813 1094 1874 sit
1112 1812 1318 1886 innocentia,
1335 1813 1448 1893 integ·

330 1908 443 1981 ritate,
470 1915 506 1968 et
535 1905 711 1987 sapientia,
738 1906 772 1968 in
799 1897 918 1988 quibus
948 1916 1021 1969 erat
1052 1907 1131 1969 dum
1158 1906 1338 1988 spiritualis
1367 1905 1447 1982 luit;

331 2009 577 2083 consequenter
595 2000 685 2082 quod
707 2021 727 2063 e
749 1999 846 2063 caelo
868 1997 1017 2081 dejectus
1040 2002 1094 2076 sit,
1115 2000 1180 2064 hoc
1204 2011 1267 2076 est,
1287 2001 1465 2065 dissocia-2

331 2105 386 2158 tus
404 2095 447 2156 ab
465 2093 615 2176 angelis;
639 2093 858 2158 consimiliter
876 2104 914 2158 ut
932 2095 1056 2176 legitur
1074 2095 1117 2159 de
1134 2101 1153 2126 “
1166 2095 1350 2174 Dracone,”

383 2243 400 2266 ‘⁴
409 2239 555 2305 eonjettus
567 2251 608 2292 est
627 2240 714 2291 Draco
727 2255 849 2304 magnus,
864 2241 979 2306 Serpens
992 2241 1125 2306 antiquus,
1140 2243 1185 2306 qui
1198 2251 1307 2292 vocatur
1320 2241 1449 2292 Diabolus

461 2317 488 2356 et
498 2307 610 2356 Satanas
612 2343 694 2364 .....
707 2305 845 2369 conjedtus
855 2317 897 2358 est
904 2307 919 2327 '¹
926 2323 942 2356 e
952 2307 1042 2366 Caelo,
1052 2309 1098 2357 ubi
1107 2309 1237 2370 pugnauit
1246 2322 1305 2357 cum
1317 2307 1448 2356 Michaele

461 2381 488 2422 et
505 2371 564 2435 ejus
581 2372 692 2435 angelis,
709 2373 761 2421 “in
779 2381 886 2432 terram,
900 2381 928 2422 et
944 2374 1032 2436 angeli
1044 2373 1103 2436 ejus
1115 2388 1176 2423 cum
1193 2373 1241 2424 lllo
1252 2370 1351 2436 dejecti
1363 2372 1448 2422 sunt”

461 2436 650 2503 (Amnis).

392 2595 463 2664 33.
494 2579 594 2662 Quod
620 2601 679 2662 per
705 2575 763 2644 illa
788 2601 874 2663 quae
900 2581 943 2644 de
966 2579 1104 2645 Adamo
1126 2591 1358 2645 memorantur
1380 2602 1447 2646 non

331 2676 565 2756 intelligantur
587 2675 687 2757 aliqui
710 2685 820 2738 status
843 2674 991 2738 hominis
1014 2675 1227 2758 protoplasti,
1252 2675 1311 2738 sed
1338 2685 1448 2740 status

332 2769 517 2842 Ecclesiae,
543 2769 615 2852 quis
642 2770 697 2851 qui
724 2789 792 2832 non
819 2779 908 2832 errat
932 2770 1049 2851 spiritu
1076 2789 1144 2832 non
1171 2779 1286 2851 potest
1312 2769 1448 2834 videre?

331 2863 382 2929 Ut
394 2863 484 2946 quod
503 2861 624 2946 [Deus]
642 2865 675 2926 in
691 2861 792 2926 horto
805 2863 916 2926 medio
930 2864 1078 2945 posuerit
1092 2864 1175 2926 duas
1187 2863 1334 2938 arbores,
1348 2883 1447 2926 unam

331 2979 376 3022 ex
399 2957 490 3039 cujus
509 2978 567 3020 esu
590 2957 717 3020 homini
737 2967 827 3020 esset
846 2958 916 3020 vita
934 2968 1084 3033 aeterna,
1104 2956 1247 3020 alteram
1270 2977 1315 3020 ex
1334 2978 1401 3039 qua
1419 2959 1448 3020 ei

331 3072 422 3115 mors
446 3061 604 3129 aeterna;
634 3061 669 3115 et
696 3051 786 3134 quod
813 3051 900 3114 hanc
927 3051 1043 3115 fecerit
1069 3052 1223 3114 “bonam
1253 3051 1295 3113 ad
1322 3052 1444 3126 cibum,

331 3145 548 3229 appetibilem
571 3145 687 3220 oculis,
710 3165 749 3208 ac
773 3144 1030 3208 desiderabilem
1053 3145 1096 3208 ad
1120 3145 1269 3209 dandum
1291 3145 1446 3209 intellec-

331 3239 428 3304 tum”
445 3237 531 3321 (cap.
547 3240 589 3302 iii.
605 3239 653 3322 6),
670 3239 718 3302 ita
736 3239 822 3302 sicut
840 3239 883 3302 ad
902 3239 1133 3302 fascinandum
1149 3241 1278 3302 animas
1295 3239 1447 3317 illorum;

331 3345 403 3396 tum
419 3335 509 3416 quod
525 3334 697 3396 admiserit
713 3343 916 3416 serpentem,
934 3353 972 3396 ac
989 3334 1177 3416 permiserit
1192 3334 1222 3396 ei
1238 3333 1329 3416 loqui
1345 3334 1448 3396 verba

331 3428 400 3490 doli
412 3429 454 3490 ad
468 3427 640 3490 mulierem
656 3427 689 3490 iu
702 3428 892 3509 praesentia
904 3428 1015 3490 mariti
1031 3428 1086 3510 qui
1101 3427 1160 3490 luit
1176 3428 1290 3508 imago
1305 3437 1340 3490 et
1356 3429 1447 3490 simi·

332 3522 438 3584 litudo
458 3523 531 3596 Dei,
551 3541 589 3585 ac
613 3543 731 3604 passus
749 3523 792 3585 sit
815 3520 891 3585 illos
910 3542 969 3604 per
991 3521 1116 3585 blanda
1138 3532 1174 3586 et
1197 3521 1289 3584 vaira
1306 3522 1447 3603 illaque·

331 3617 398 3694 ari;
423 3626 459 3680 ut
475 3627 510 3680 et
527 3637 584 3680 cur
600 3637 667 3680 non
684 3617 840 3699 providit,
854 3617 931 3699 quia
947 3616 1122 3698 praevidit,
1139 3636 1181 3680 ne
1197 3615 1254 3691 illi,
1271 3625 1306 3680 et
1322 3637 1367 3679 ex
1384 3616 1448 3679 illis

332 3722 443 3776 totum
471 3731 577 3792 genus
607 3711 801 3786 humanum,
828 3707 1109 3793 prolaberentur1¹¹
1133 3711 1166 3774 in
1193 3709 1446 3774 damnationem

333 3803 578 3869 maledidlionis
611 3805 701 3886 ejus;
734 3825 811 3868 nam
845 3803 968 3887 legitur
1001 3803 1034 3868 in
1068 3803 1177 3868 Libris
1210 3802 1447 3868 Orthodoxiae

332 3899 609 3974 Christianorum,

384 4029 474 4104 Quod
496 4047 533 4086 ex
556 4031 684 4087 Peccato
706 4031 764 4086 hoc
782 4031 927 4103 originali,
947 4031 1040 4086 “loco
1061 4029 1199 4116 imaginis
1220 4029 1300 4101 [Dei]
1322 4029 1448 4086 amissae

332 4105 360 4157 in
382 4103 503 4157 homine
522 4101 562 4156 sit
580 4103 693 4163 intima.
708 4103 844 4172 pessima,
859 4100 1098 4172 profundissima,
1119 4101 1390 4171 imperscrutabilis,
1404 4101 1447 4154 in-

331 4173 456 4229 effabilis
469 4172 622 4242 corruptio
634 4173 872 4234 totiusnaturae‚
886 4183 917 4228 et
935 4174 1070 4227 omnium
1080 4172 1189 4226 virium
1197 4171 1222 4232 ;”
1247 4171 1391 4242 quodque
1409 4172 1447 4226 sit

331 4243 415 4298 radix
427 4243 561 4298 omnium
575 4241 735 4298 adtualium
750 4243 895 4298 malorum
910 4243 1063 4314 (Formula
1078 4242 1259 4305 Concordiae,
1272 4257 1339 4314 pag.
1353 4241 1446 4314 [642⁶]

330 4313 412 4382 640);

331 4443 367 4498 et
397 4433 487 4516 quod
519 4435 611 4498 Deus
640 4433 739 4498 Pater
769 4434 992 4498 universalem
1021 4433 1115 4498 illam
1144 4433 1398 4498 damnationem
1428 4453 1446 4495 a

330 4529 413 4592 facie
440 4547 499 4592 sua
522 4529 693 4603 averterit,
719 4527 840 4592 Filium
863 4548 958 4592 suum
985 4530 1018 4592 in
1045 4529 1205 4592 mundum
1230 4528 1369 4604 miserit,
1393 4529 1446 4610 qui

330 4623 423 4686 illam
442 4625 475 4686 in
495 4621 538 4687 Se
557 4624 752 4706 susciperet,
772 4631 806 4687 et
825 4625 872 4687 sic
891 4622 1061 4706 placaret:
1085 4633 1220 4705 praeter
1238 4621 1343 4704 plura,
1361 4641 1445 4705 quae
