3282 5294
288 654 332 722 34
698 649 750 704 ua
771 649 1004 704 channam.

287 819 705 903 buspublicis,Provinciis,
714 819 927 897 Civitatibus,
937 819 1176 896 Societatibus,
1184 818 1409 903 superquibus

287 916 326 978 iis
346 913 532 996 jurisdittio
548 917 650 979 estin
666 913 827 978 civilibus.
873 911 1023 997 Quisque
1039 935 1084 978 ex
1107 913 1172 978 illis
1186 915 1220 978 in
1236 935 1298 978 suo
1320 913 1408 984 loco.

249 1025 251 1030 ’
287 1009 315 1072 si
330 1006 464 1090 speblat
479 1009 522 1073 ad
537 1009 731 1088 Dominum,
743 1019 779 1073 et
794 1009 879 1090 sugit
895 1007 986 1072 mala
997 1019 1035 1072 ut
1050 1017 1203 1090 peccata,
1215 1028 1255 1072 ac
1268 1010 1408 1082 sincere,

283 1101 374 1184 juste
397 1113 432 1168 et
448 1103 593 1168 fideliter
608 1103 688 1167 lacit
710 1123 795 1184 opus
819 1103 1101 1184 supereminentis
1123 1099 1302 1166 functionis
1318 1123 1408 1178 suae,

285 1196 365 1261 facit
399 1197 526 1261 bonum
549 1218 627 1260 usus
650 1197 820 1262 communi
843 1207 879 1261 et
912 1195 1052 1278 singulis
1075 1197 1108 1259 in
1131 1197 1302 1260 communi
1327 1216 1408 1260 con·

287 1290 425 1365 tinue,[¹l
443 1299 478 1354 et
499 1291 537 1356 lit
553 1292 700 1356 charitas
716 1293 749 1354 in
765 1292 890 1369 iorma3
914 1301 950 1354 et
965 1291 1030 1354 hoc
1047 1289 1084 1354 lit
1100 1289 1180 1354 dum
1196 1289 1301 1356 afficit
1316 1290 1409 1354 illum

286 1384 412 1448 bonum
423 1385 634 1449 subditorum
643 1396 701 1449 aut
711 1385 853 1465 civium;
869 1395 905 1448 et
915 1385 995 1448 dum
1006 1383 1182 1448 hocafficit
1192 1383 1410 1461 illum,afficit

285 1476 391 1553 illum,
401 1497 466 1541 una
476 1497 552 1542 curn
564 1479 772 1561 sapientibus
784 1488 819 1542 et
833 1479 1030 1543 timentibus
1043 1478 1164 1552 Deum,
1173 1479 1303 1542 sancire
1315 1477 1410 1560 leges

276 1591 374 1647 usus,
392 1573 582 1653 prospicere
599 1581 636 1637 ut
658 1583 845 1648 serventur,
862 1581 898 1636 et
920 1573 1033 1636 vivere
1055 1572 1118 1635 sub
1140 1571 1204 1635 illis
1226 1573 1409 1653 primario;

286 1674 359 1729 tum
375 1664 554 1746 praeficere
570 1666 723 1731 coetibus
737 1668 800 1730 sub
814 1687 851 1730 se
866 1665 1044 1731 officiarios
1065 1665 1298 1747 intelligentes
1312 1675 1350 1730 et
1364 1668 1409 1730 si-

286 1757 355 1822 mul
378 1759 464 1822 bene
480 1759 648 1836 volentes,
665 1779 725 1842 per
739 1779 824 1844 quos
847 1759 909 1824 sub
930 1759 1001 1841 ejus
1023 1759 1172 1842 auspicio
1190 1757 1350 1840 judicium
1373 1771 1409 1824 et

282 1852 415 1935 justitia
447 1862 579 1934 regnet,
610 1873 649 1918 ac
683 1873 862 1918 commune
896 1853 1022 1918 bonum
1051 1852 1177 1936 jugiter
1209 1851 1409 1934 perficiatur.

286 1944 462 2030 Spedtabit
493 1966 529 2010 se
554 1957 591 2011 ut
617 1967 810 2030 supremum
837 1949 870 2012 in
897 1948 1013 2012 ordine
1044 1947 1297 2011 inservientium
1323 1945 1408 2022 aliis,

286 2051 322 2105 et
345 2042 392 2106 sic
416 2061 484 2104 non
507 2049 544 2104 ut
567 2052 680 2124 caput,
702 2043 860 2124 quoniam
883 2051 985 2124 caput
1008 2042 1101 2106 ducit
1123 2041 1238 2105 omnia
1259 2041 1409 2122 corporis

286 2135 336 2200 sui
351 2155 397 2198 ex
412 2153 527 2198 amore
543 2145 578 2198 et
594 2137 761 2218 sapientia
775 2137 809 2199 in
826 2155 882 2214 se;
906 2156 945 2200 ac
959 2135 1071 2198 Amor
1082 2144 1118 2199 et
1134 2133 1307 2216 Sapientia
1321 2137 1408 2200 inse

286 2238 340 2294 est
355 2227 447 2294 ¹solus
463 2228 640 2306 Dominus,
657 2250 678 2295 a
693 2227 770 2312 Quo
785 2231 889 2294 etiarn
905 2229 961 2294 ille
978 2239 1014 2294 ut
1030 2249 1146 2294 servus
1161 2229 1312 2294 ducetur.

289 2398 343 2466 [3.]
370 2397 489 2452 clarita
499 2397 854 2467 upudtldiee'uu'mubillr't.
1150 2470 1154 2477 .

348 2515 411 2581 Per
425 2514 603 2582 officiarios
618 2517 680 2582 sub
695 2515 949 2598 magistratibus
964 2515 1199 2598 intelliguntur
1213 2515 1268 2598 qui
1284 2515 1327 2579 ab
1342 2513 1406 2578 illis

285 2607 443 2692 praelesti
466 2621 545 2676 sunt
561 2611 714 2676 coetibus
729 2611 773 2674 ad
795 2610 988 2675 obeundum
1004 2611 1113 2674 varias
1135 2605 1323 2674 functiones
1346 2628 1405 2672 ne·
1524 2683 1530 2696 ·

285 2705 446 2768 cessarias
461 2714 497 2769 et
513 2703 622 2770 utiles.
667 2703 816 2787 Quisque
829 2705 962 2780 exiliis,
975 2705 1002 2768 si
1015 2701 1148 2786 spedtat
1163 2705 1206 2767 ad
1223 2703 1405 2768 Dominum

284 2807 320 2862 et
342 2798 426 2881 sugit
449 2797 539 2863 mala
556 2809 592 2863 ut
616 2809 768 2881 peccata,
784 2819 823 2863 ac
840 2800 979 2874 sincere,
992 2797 1081 2880 juste
1104 2807 1140 2862 et
1163 2796 1307 2862 fideliter
1325 2796 1405 2860 lacit

284 2913 368 2975 opus
391 2891 490 2956 officii
513 2894 573 2968 sui,
590 2892 627 2956 fit
650 2893 797 2956 charitas
819 2894 853 2956 in
875 2893 1003 2970 forma;
1027 2893 1104 2975 quia
1121 2891 1201 2956 iacit
1222 2892 1313 2956 bona
1327 2909 1406 2954 usus

284 2988 454 3061 continue,
471 2986 551 3050 dum
574 2987 607 3050 in
623 2985 735 3050 officio
750 2996 814 3062 est,
830 2995 866 3050 et
889 3007 1022 3069 quoque
1043 2985 1123 3049 dum
1139 2986 1256 3050 nonin
1272 2984 1405 3062 officio;

283 3081 407 3144 insidet
423 3081 514 3144 enim
530 3091 611 3145 tunc
626 3082 740 3144 animo
758 3081 829 3162 ejus
846 3077 979 3145 affectio
994 3079 1147 3158 faciendi,
1159 3089 1195 3144 et
1210 3075 1345 3144 affectio
1359 3079 1406 3144 la·

283 3175 393 3239 ciendi
409 3175 500 3238 bona
515 3195 592 3238 usus
608 3184 662 3240 est
678 3176 825 3250 charitas
840 3175 874 3238 in
890 3193 950 3238 sua
964 3175 1045 3239 vita.
1077 3173 1177 3236 lllum
1193 3171 1298 3240 afficit
1309 3193 1402 3251 usus,

284 3279 319 3333 et
335 3287 404 3332 non
420 3267 528 3332 honor
541 3270 603 3333 nisi
618 3279 757 3350 propter
771 3288 879 3332 usum.
917 3267 982 3332 Est
997 3267 1168 3350 quoddam
1185 3268 1294 3330 minus
1309 3287 1405 3332 com-

284 3382 384 3426 mune
407 3361 533 3426 bonum
549 3363 611 3426 sub
632 3364 751 3446 quovis
767 3361 938 3438 officiario,
955 3361 1141 3426 secundum
1164 3361 1404 3426 extensionem

284 3458 430 3520 muneris
452 3456 532 3538 ejus,
555 3457 645 3539 quod
676 3457 933 3520 subordinatum
955 3467 1009 3520 est
1040 3455 1157 3536 majori
1187 3464 1223 3519 et
1254 3456 1405 3520 maximo

284 3551 453 3614 communi
475 3549 577 3626 bono,
594 3552 683 3633 quod
706 3563 760 3615 est
784 3551 896 3632 Regni
911 3561 970 3614 aut
994 3549 1223 3631 Reipublicae.
1268 3546 1405 3613 Officia·

284 3645 350 3706 rius
363 3645 417 3726 qui
429 3653 483 3708 est
495 3644 642 3709 charitas
654 3644 801 3709 consulit
814 3646 934 3708 minori
947 3644 1118 3709 communi
1133 3643 1234 3719 bono,
1247 3643 1338 3726 quod
1351 3653 1404 3707 est

283 3735 451 3818 [²¹spartae
474 3737 554 3819 ejus,
564 3748 599 3803 et
613 3741 659 3803 sic
672 3739 789 3820 majori
801 3750 837 3802 et
851 3739 1014 3814 maximo,
1025 3737 1104 3802 dum
1118 3739 1257 3813 sincere,
1267 3736 1356 3818 juste
1369 3747 1404 3802 et

284 3830 429 3895 fideliter
440 3830 519 3896 facit
535 3853 631 3896 suum
643 3852 738 3915 opus.
776 3833 955 3897 Praeterea
967 3832 1075 3896 simile
1088 3840 1141 3895 est
1156 3851 1232 3894 cum
1245 3829 1405 3896 officiario

284 3927 370 3989 sicut
393 3945 469 3989 cum
492 3928 703 4008 magistratu,
721 3928 762 3991 de
786 3948 852 4010 quo
871 3924 986 3991 adium
1009 3937 1073 4001 est,
1090 3925 1193 3989 modo
1209 3915 1290 3988 cum'
1310 3924 1403 3990 diffe-

283 4019 392 4083 rentia
407 4039 493 4102 quae
516 4031 570 4084 est
596 4021 685 4085 inter
710 4021 816 4102 majus
842 4031 878 4085 et
905 4022 1024 4095 minus,
1041 4019 1149 4083 latum
1175 4028 1212 4082 et
1239 4015 1403 4094 strictum,

283 4122 465 4176 extensum
481 4114 524 4177 ad
540 4135 618 4178 usus
633 4117 667 4179 in
682 4135 807 4197 genere
823 4125 859 4179 et
875 4125 1058 4178 extensum
1070 4113 1114 4177 ad
1129 4132 1208 4176 usus
1223 4113 1258 4176 in
1270 4112 1403 4195 specie;

284 4217 418 4289 praeter
433 4208 523 4291 quod
538 4208 603 4272 hoc
619 4209 767 4292 pendeat
783 4210 826 4274 ab
841 4208 910 4285 illo,
927 4210 1014 4274 sicut
1029 4206 1239 4272 famulitium.

288 4373 339 4439 [4.]
369 4371 487 4428 marm·
498 4375 692 4442 upuddudr'm.

348 4499 383 4564 Si
405 4497 563 4582 spectant
579 4501 621 4565 ad
645 4501 828 4565 Dominum
844 4511 880 4566 et
901 4501 1033 4584 fugiunt
1048 4499 1138 4566 mala
1153 4510 1191 4565 ut
1207 4508 1350 4583 peccata
1364 4519 1404 4565 ac

284 4594 409 4660 iaciunt
421 4593 545 4678 judicia
555 4593 717 4678 justitiae,
734 4593 817 4660 fiunt
838 4595 1022 4662 charitates
1042 4595 1208 4673 informa,
1224 4595 1301 4678 quia
1315 4593 1406 4660 bona
