3352 5298
307 700 344 764 18
622 712 673 763 nn
696 710 801 764 nove
825 709 1099 763 arenosonmrn

303 881 335 944 in
359 879 515 962 conjugio
538 879 697 958 caelesti;
730 880 778 944 ita
804 901 872 945 non
896 889 950 944 est
975 880 1010 942 in
1033 877 1093 942 illo
1116 878 1227 942 adhuc
1252 875 1417 954 eeclesia3

303 995 381 1038 nam
397 971 589 1054 conjunftio
605 975 684 1038 boni
700 985 735 1038 et
748 975 818 1038 veri
833 974 914 1038 facit
930 973 1120 1036 ecclesiam.

365 1069 434 1134 16.
465 1068 560 1132 Bona
575 1078 654 1132 sunt
673 1067 894 1150 multiplicia;
918 1069 951 1131 in
968 1087 1094 1150 genere
1109 1076 1161 1130 est
1178 1067 1304 1130 bonum
1323 1065 1419 1148 spiri·

302 1161 395 1225 tuale
407 1171 443 1225 et
458 1162 584 1224 bonum
600 1162 764 1238 naturale,
778 1181 818 1225 ac
835 1171 1013 1244 utrumque
1029 1158 1247 1242 conjunf'tnm
1263 1161 1296 1222 in
1310 1177 1419 1242 genu·

302 1257 359 1319 ino
382 1255 473 1318 bono
496 1253 624 1318 morali.
670 1254 763 1320 Sicut
787 1265 866 1318 sunt
885 1255 985 1330 bona,
1005 1255 1053 1318 ita
1075 1275 1207 1337 quoque
1230 1262 1310 1318 sunt
1327 1273 1418 1328 vera,

303 1351 381 1432 quia
399 1369 479 1412 vera
497 1360 576 1413 sunt
594 1350 685 1424 boni,
703 1361 737 1412 et
757 1359 835 1412 sunt
854 1349 979 1412 formae
998 1349 1088 1411 boni.

364 1455 428 1526 17.
458 1441 551 1506 Sicut
578 1453 631 1507 est
657 1463 733 1506 cum
761 1443 852 1506 bono
878 1452 914 1506 et
932 1463 1023 1517 vero,
1044 1443 1092 1504 ita
1115 1463 1160 1504 ex
1184 1441 1343 1522 opposito
1366 1451 1419 1504 est

301 1555 377 1600 cum
396 1537 486 1600 malo
505 1547 539 1600 et
558 1537 662 1615 falso;
692 1538 794 1620 quod,
814 1555 947 1618 nempe,
961 1537 1047 1599 sicut
1070 1537 1184 1600 omnia
1207 1537 1239 1598 in
1264 1537 1419 1598 universo

301 1651 386 1713 quae
411 1641 490 1694 sunt
509 1631 696 1694 secundum
721 1629 880 1694 Divinum
899 1629 1052 1693 ordinem
1071 1649 1107 1694 se
1127 1629 1275 1694 referunt
1294 1629 1337 1693 ad
1357 1629 1419 1693 bo·

302 1743 382 1787 num
394 1735 430 1788 et
443 1744 570 1798 verum,
582 1725 629 1789 ita
642 1725 755 1788 omnia
767 1745 853 1806 quae
867 1734 945 1787 sunt
958 1734 1079 1787 contra
1095 1723 1253 1787 Divinum
1267 1724 1420 1787 ordinem

301 1839 337 1882 se
356 1819 500 1884 referant
519 1820 562 1882 ad
583 1819 709 1882 malurn
729 1829 765 1882 et
783 1819 914 1882 falsum.
946 1817 1049 1882 (sum
1068 1819 1158 1900 quod
1182 1819 1268 1882 sicut
1292 1819 1419 1882 bonum

301 1923 393 1976 amat
412 1912 569 1994 conjungi
588 1934 679 1988 vero,
698 1933 736 1976 ac
757 1913 915 1985 vicissim,
933 1913 981 1976 ita
1000 1911 1126 1975 malum
1149 1923 1242 1976 amet
1261 1911 1419 1995 conjungi

300 2005 396 2080 falso,
407 2026 446 2070 ac
460 2008 616 2070 vicissim.
652 2005 703 2071 Ut
716 2016 762 2081 et,
774 2008 860 2069 sicut
874 2007 984 2069 omnis
997 2006 1225 2088 intelligentia
1237 2016 1272 2069 et
1285 2007 1419 2088 sapien·

301 2102 349 2164 tia
361 2102 508 2164 nascitur
526 2121 571 2164 ex
587 2099 824 2182 conjunflione
845 2101 925 2164 boni
945 2110 980 2164 et
997 2101 1077 2175 veri,
1095 2101 1143 2164 ita
1161 2101 1271 2164 omnis
1291 2100 1420 2164 insania

300 2205 336 2258 et
355 2195 501 2258 stultitia
516 2215 560 2258 ex
580 2193 817 2276 conjunf'tione
838 2194 917 2258 mali
936 2204 971 2258 et
987 2193 1071 2258 falsi.
1115 2191 1317 2276 Conjunt'tio
1340 2194 1419 2258 mali

301 2301 337 2353 et
353 2289 425 2352 falsi
442 2299 583 2352 vocatur
598 2287 789 2370 conjugium
807 2287 978 2352 infernale.

364 2384 431 2451 18.
461 2383 517 2446 Ex
537 2404 589 2460 eo,
606 2385 696 2466 quod
721 2383 846 2448 malum
865 2393 901 2447 et
923 2383 1044 2446 falsum
1063 2382 1131 2446 sint
1150 2383 1309 2466 opposita
1327 2383 1418 2448 bono

300 2489 335 2542 et
353 2499 445 2553 vero,
466 2489 562 2559 patet
585 2479 675 2560 quod
695 2498 811 2542 verum
836 2497 902 2541 non
922 2476 1081 2559 conjungi
1104 2479 1211 2559 possit
1236 2477 1337 2551 malo,
1355 2497 1418 2542 nec

300 2573 425 2635 bonum
441 2573 526 2636 falso
544 2573 644 2649 mali;
668 2573 695 2636 si
714 2591 829 2635 verum
852 2565 1046 2652 adjungitur
1065 2571 1166 2646 malo,
1183 2591 1251 2634 non
1275 2572 1419 2653 amplius

300 2665 337 2730 fit
349 2686 475 2742 verum,
490 2667 549 2730 sed
566 2667 696 2740 falsum,
710 2668 788 2748 quia
805 2665 1039 2742 falsificatum
1063 2675 1098 2729 et
1114 2667 1141 2728 si
1157 2665 1283 2729 bonum
1299 2665 1417 2747 adjun-

300 2763 390 2842 gitur
408 2761 492 2824 falso
511 2761 601 2837 mali,
619 2781 687 2824 non
713 2759 859 2842 amplius
881 2759 919 2823 fit
942 2759 1080 2835 bonum,
1101 2759 1160 2824 sed
1184 2760 1320 2835 malum,
1340 2762 1418 2842 quia

299 2855 538 2920 adulteratum.
583 2855 634 2918 At
651 2855 771 2919 falsum
788 2875 856 2918 non
873 2854 952 2917 mali
970 2863 1086 2936 potest
1103 2854 1261 2936 conjungi
1277 2855 1378 2920 bono.

368 2965 436 3032 19.
466 2949 577 3013 Nemo
595 2951 650 3032 qui
669 2951 701 3012 in
721 2950 813 3014 malo
831 2959 866 3013 et
885 2949 963 3013 inde
986 2949 1071 3012 falso
1094 2959 1147 3014 est
1170 2971 1215 3014 ex
1239 2948 1417 3014 confirma·

300 3043 392 3107 tione
411 3054 447 3106 et
465 3045 546 3120 vita,
564 3055 680 3125 potest
704 3046 787 3108 scire
807 3045 885 3126 quid
909 3044 1036 3108 bonum
1055 3055 1091 3108 et
1110 3064 1237 3119 verum,
1258 3045 1416 3127 quoniam

300 3139 425 3202 malum
444 3158 540 3202 suum
559 3139 667 3202 credit
686 3159 760 3202 esse
780 3139 916 3214 bonum,
935 3159 975 3202 ac
992 3139 1069 3201 inde
1088 3137 1208 3202 falsum
1227 3157 1324 3203 suurn
1343 3159 1416 3202 cre·

300 3235 349 3296 dit
368 3254 442 3296 esse
459 3251 596 3310 verum;
620 3243 656 3296 at
675 3233 785 3296 omnis
804 3233 912 3316 quiin
932 3233 1022 3296 bono
1044 3241 1080 3296 et
1104 3233 1181 3296 inde
1198 3253 1279 3296 vero
1302 3243 1355 3296 est
1370 3251 1417 3297 ex

300 3326 557 3392 confirmatione
579 3337 614 3390 et
633 3327 714 3402 vita,
735 3337 850 3408 potest
873 3327 957 3390 scire
980 3327 1060 3410 quid
1079 3327 1203 3390 malum
1227 3338 1263 3391 et
1286 3327 1415 3392 falsum.

300 3420 409 3485 Causa
424 3433 488 3495 est,
502 3422 579 3503 quia
591 3439 691 3484 omne
708 3421 834 3484 bonum
849 3431 885 3484 et
899 3419 969 3502 ejus
981 3440 1096 3484 verum
1108 3431 1162 3485 est
1178 3423 1210 3484 in
1226 3443 1287 3484 sua
1300 3441 1416 3486 essen·

299 3517 347 3580 tia
369 3516 528 3590 caeleste,
542 3525 577 3578 et
601 3515 691 3598 quod
715 3535 783 3578 non
807 3516 840 3578 in
857 3535 917 3578 sua
940 3516 1089 3579 essentia
1111 3525 1163 3580 est
1186 3515 1346 3591 caeleste,
1362 3525 1416 3580 est

299 3631 402 3694 usque
413 3631 458 3673 ex
469 3611 597 3692 origine
608 3609 747 3674 caelesti
759 3631 767 3686 ;
787 3628 888 3672 omne
901 3620 1015 3674 autem
1028 3609 1153 3674 malurn
1166 3621 1202 3675 et
1214 3610 1284 3691 ejus
1295 3609 1416 3674 falsum

299 3715 352 3768 est
374 3705 407 3767 in
427 3725 487 3768 sua
509 3705 659 3768 essentia
681 3703 853 3777 infernale,
870 3713 905 3767 et
928 3703 1018 3786 quod
1042 3723 1110 3766 non
1134 3705 1166 3767 in
1186 3725 1246 3768 sua
1268 3705 1417 3768 essentia

298 3809 351 3862 est
370 3797 541 3872 infernale,
555 3809 608 3861 est
627 3819 732 3879 usque
750 3819 796 3860 ex
815 3799 944 3878 origine
963 3797 1061 3861 inde:
1086 3817 1125 3862 ac
1144 3818 1245 3862 omne
1265 3797 1415 3863 caeleste

298 3902 351 3956 est
367 3893 400 3956 in
417 3891 503 3967 luce,
520 3902 556 3956 at
572 3909 673 3954 omne
692 3891 853 3956 infernale
871 3892 904 3954 in
924 3891 1082 3956 tenebris.

697 4067 736 4118 (11
748 4073 845 4108 mm
856 4065 1019 4117 mmm)

351 4177 417 4224 2⁰.
442 4164 531 4238 Quod
545 4165 646 4220 omnia
657 4175 688 4221 et
701 4165 817 4237 singula
829 4165 859 4220 in
873 4166 1012 4222 universo
1024 4181 1056 4222 se
1069 4165 1197 4222 referant
1209 4167 1247 4222 ed
1261 4167 1371 4223 bonurn
1385 4177 1416 4222 et

297 4253 409 4298 verum,
423 4247 454 4292 et
469 4237 506 4292 ad
523 4237 633 4290 malum
649 4247 679 4290 et
695 4235 816 4298 falsum:
842 4236 892 4290 illa
906 4251 983 4307 quae
998 4238 1161 4292 secundum
1179 4235 1320 4292 Divinum
1336 4238 1417 4292 ordi-

298 4324 365 4364 nem
380 4317 450 4362 sunt
463 4317 493 4362 et
503 4305 586 4368 fiunt.
597 4305 635 4360 ad
648 4307 759 4360 bonurn
773 4316 804 4360 et
813 4322 932 4369 verum;
952 4307 1001 4360 illa
1013 4317 1112 4362 autem
1125 4323 1201 4378 quae
1213 4317 1318 4364 contra
1332 4307 1416 4363 Divi·

298 4395 369 4432 num
382 4377 527 4500 ordi6nem.
540 4377 579 4516 ar}
595 4377 705 4432 malum
721 4387 752 4431 et
766 4375 872 4432 falsum
889 4379 930 4446 (n.
943 4377 1038 4447 2431[?
1051 4378 1140 4447 ²45²l.
1154 4377 1232 4446 3166.
1245 4391 1324 4448 4390,
1336 4391 1414 4448 4409,

300 4461 375 4517 5232,
389 4460 439 4516 725
460 4489 466 4510 ‚
484 4461 589 4502 10122.

352 4515 397 4572 lta
411 4517 489 4587 apud
507 4517 658 4572 hominem
671 4517 709 4572 ad
724 4513 906 4572 intelleflum
920 4526 951 4572 et
961 4517 1155 4580 voluntatem,
1169 4519 1311 4590 quoniam
1328 4517 1417 4574 intel-

299 4586 537 4726 lestliiail'oininis
545 4597 595 4727 est)
604 4587 748 4658 recipiens
760 4587 822 4643 veri
837 4597 889 4642 aut
902 4587 1024 4651 faleise
1032 4588 1171 4645 voluntas
1185 4589 1329 4662 recipiens
1342 4589 1413 4646 boni

296 4669 348 4714 aut
423 4675 431 4712 ι
457 4673 485 4713 n.
499 4671 584 4712 rotza
599 4697 606 4714 .
