3338 5300
452 709 628 761 unnmuu
650 709 829 775 Juutc1uu
852 711 967 762 sunau
989 711 1159 762 anu-n
1178 715 1226 779 34.
1354 713 1394 780 45

277 879 457 954 charitate,
477 889 513 943 et
535 879 614 943 inde
633 899 702 944 non
720 881 755 943 in
773 881 860 943 veris
876 903 882 958 ;
907 879 993 944 salsa
1010 881 1144 946 illorum
1163 879 1397 962 significantur

276 994 336 1056 per
363 979 496 1058 “aquas
522 975 749 1038 ascendentes
775 996 820 1038 ex
847 975 1111 1056 septentrione,”
1138 984 1173 1038 et
1200 975 1396 1040 devastatio

277 1067 453 1132 Ecclesiae
467 1069 545 1132 inde
557 1089 617 1152 per
631 1069 782 1132 “flumen
795 1070 963 1132 inundans
974 1071 1064 1151 quod
1080 1069 1257 1134 inundabit
1270 1079 1395 1134 terram

277 1173 311 1226 et
324 1163 570 1244 plenitudinem
582 1163 652 1246 ejus
663 1163 690 1243 ;''
714 1169 734 1196 ‘⁴
743 1173 834 1227 terra
841 1163 856 1190 ’'
869 1174 922 1228 est
935 1163 1103 1240 Ecclesia,
1117 1173 1153 1228 et
1168 1169 1186 1227 *ἵ
1195 1163 1373 1247 plenitudo
1380 1165 1396 1195 ''

276 1266 355 1321 sunt
374 1258 488 1321 omnia
506 1257 586 1340 ejus.

327 1406 403 1456 “Dic
421 1407 455 1456 ad
476 1407 655 1456 incrustantes
674 1407 794 1469 ineptum
797 1443 881 1466 .....
895 1407 952 1457 Fiet
972 1407 1063 1470 pluvia
1085 1407 1229 1466 inundans,
1249 1423 1302 1471 qua
1320 1403 1395 1457 vosl¹¹

406 1473 508 1535 lapides
517 1473 656 1536 grandinis
668 1473 765 1522 cadent
773 1471 787 1492 '¹
800 1471 968 1535 (Erech.'xiii.
982 1485 1020 1531 11,
1034 1472 1090 1535 13);

277 1627 505 1690 “incrustatio
520 1627 627 1709 inepti
638 1625 653 1652 ”
665 1635 718 1690 est
734 1625 947 1692 confirmatio
962 1626 1046 1702 salsi,
1064 1637 1100 1695 et
1118 1627 1276 1710 “lapides
1292 1647 1395 1709 gran·

275 1721 384 1784 dinis”
402 1731 482 1786 sunt
500 1721 595 1785 salsa.

326 1871 344 1892 ⁴⁸
353 1868 384 1918 In
396 1869 572 1918 inundatione
584 1869 804 1932 supergrediente
816 1870 1076 1920 consummationem
1089 1869 1168 1920 faciet
1185 1870 1273 1919 locum
1285 1868 1354 1932 ejus,
1368 1881 1394 1920 et

405 1935 528 1984 inimicos
541 1931 655 1999 [Ipsius]
669 1943 842 1998 persequetur
854 1935 940 1998 caligo
949 1933 964 1956 ”
976 1935 1059 1998 (ΝαΙι.
1071 1935 1087 1986 i.
1100 1935 1140 1998 8);

274 2105 334 2168 per
354 2085 661 2150 “inundationem”
677 2107 763 2169 quae
786 2088 1046 2162 consummabit,
1071 2086 1280 2170 significatur
1303 2087 1393 2152 salsi·

274 2179 388 2243 ficatio
407 2181 495 2259 veri;
519 2191 555 2244 et
574 2202 633 2263 per
653 2182 893 2263 “caliginem’'
910 2183 984 2264 ipsa
1000 2201 1079 2245 vera
1097 2182 1131 2244 in
1150 2179 1260 2246 nocte.

326 2335 488 2398 '‘Disristisl¹¹
502 2338 657 2388 Excidimus
674 2338 770 2388 foedus
785 2353 845 2388 curn
859 2347 953 2396 morte,
968 2348 1066 2387 etcum
1085 2337 1190 2387 inferno
1207 2339 1319 2388 fecimus
1332 2339 1394 2388 visi·

404 2419 502 2464 onem;
528 2405 636 2467 quando
653 2404 787 2466 flagellum
806 2404 989 2454 inundationis
1002 2405 1162 2460 transiverit,
1177 2419 1232 2453 non
1250 2405 1341 2454 veniet
1358 2405 1393 2453 ad

404 2485 482 2598 pppati
499 2470 645 2598 ppsvtitiiptpp)
655 2469 826 2561 ¹menducium
849 2469 978 2528 fiduciam,
998 2479 1026 2520 et
1046 2469 1073 2518 in
1091 2469 1208 2519 falsitate
1226 2470 1369 2519 latebimus
1379 2469 1393 2490 '’

276 2683 507 2747 “inundatio”
524 2684 578 2748 hic
603 2683 780 2748 manifeste
804 2705 865 2767 pro
887 2684 1025 2748 interitu
1041 2703 1101 2766 per
1123 2682 1218 2758 salsa,
1239 2703 1318 2746 nam
1341 2683 1392 2746 di·
1423 2763 1425 2766 Ι

274 2780 360 2842 citur
378 2779 468 2861 quod
484 2779 517 2842 in
539 2779 746 2842 “mendacio
754 2779 769 2804 '’
788 2779 961 2861 posuerint
977 2777 1145 2854 fiduciam,
1163 2787 1199 2842 et
1218 2779 1251 2841 in
1272 2777 1392 2841 “salsi-

274 2872 370 2937 tate‘’
389 2873 547 2938 laterent.

325 3023 342 3044 ‘¹
352 3020 418 3070 Post
435 3021 602 3083 septimanas
614 3021 755 3084 sexaginta
766 3021 833 3070 duas
845 3021 981 3069 excidetur
994 3019 1117 3080 Messias,
1132 3020 1180 3069 sed
1192 3035 1246 3069 non
1257 3019 1311 3069 Sibi
1322 3034 1327 3075 ;
1348 3020 1393 3068 de-

404 3087 465 3134 inde
482 3087 574 3135 urbem
593 3097 620 3135 et
637 3083 818 3136 sanctuarium
836 3087 930 3149 perdet
946 3085 1061 3148 populus
1080 3085 1210 3147 Principis
1228 3086 1342 3144 venturi,
1356 3086 1392 3134 ltn

403 3161 439 3268 pp.
450 3151 511 3279 2sz
526 3151 585 3214 ejus
596 3166 656 3201 curn
674 3152 858 3211 inundatione,
872 3165 956 3215 usque
973 3153 1007 3200 ad
1017 3185 1024 3204 .
1036 3187 1043 3202 .
1055 3187 1062 3202 .
1075 3187 1082 3202 .
1093 3151 1274 3202 desolationes
1282 3150 1296 3171 ”
1308 3149 1390 3213 (Dan.

273 3359 358 3425 haec
378 3361 421 3424 de
440 3359 598 3424 Ecclesia
613 3369 757 3424 ventura
775 3359 979 3438 Christiana,
999 3361 1033 3424 in
1052 3381 1118 3443 qua
1136 3361 1301 3444 periturus
1320 3361 1392 3424 cul-

274 3464 328 3518 tus
345 3452 492 3530 Domini,
507 3455 598 3538 quod
614 3455 816 3536 intelligitur
831 3475 891 3538 per
906 3456 996 3538 quod
1015 3455 1221 3519 “excidetur
1237 3455 1391 3531 Messias,

274 3549 333 3612 sed
353 3569 421 3612 nou
441 3547 510 3612 Sibi
522 3549 548 3628 ;''
571 3549 660 3633 quod
680 3552 828 3632 peritura
847 3551 890 3613 sit
910 3570 969 3633 per
987 3547 1248 3624 falsificationeS,
1265 3549 1392 3613 intelli·

273 3653 400 3724 guntur
415 3663 475 3726 per
490 3643 581 3726 quod
597 3643 672 3706 finis
688 3643 757 3724 ejus
773 3643 901 3706 iuturus
917 3645 961 3706 sit
979 3649 1084 3707 “cum
1100 3644 1320 3707 inundatione
1337 3664 1392 3705 us·

274 3759 339 3820 que
368 3737 412 3800 ad
449 3735 681 3801 desolationes
692 3737 719 3815 ;''
754 3737 976 3802 “desolatio”
1006 3747 1060 3800 est
1097 3735 1287 3800 falsificatio
1324 3737 1391 3799 illa.

274 3831 359 3895 lude
375 3841 428 3895 est
447 3831 537 3914 quod
557 3841 738 3914 postquam
755 3831 921 3894 Dominus
938 3831 1072 3911 locutus
1088 3839 1141 3894 est
1159 3831 1202 3894 de
1217 3830 1391 3894 “Abomi-

273 3927 413 3989 natione
441 3925 674 3989 Desolationis
701 3923 894 4007 praedictae
920 3946 941 3988 a
971 3924 1114 3989 Daniele
1144 3924 1334 4007 propheta”
1356 3933 1391 3988 tt

273 4020 315 4083 de
337 4017 668 4084 “consummatione
684 4017 840 4083 Saeculi”
859 4039 920 4102 per
937 4018 1041 4094 illam,
1062 4019 1150 4082 dixit
1169 4019 1260 4101 quod

321 4174 463 4224 Adventus
481 4189 545 4223 suus
563 4173 667 4223 tuturus
685 4173 720 4223 sit
737 4173 805 4223 sieut
816 4174 910 4223 diebus
927 4173 991 4225 dum
1003 4174 1078 4224 veuit
1094 4171 1224 4222 diluvium
1241 4181 1268 4222 et
1285 4172 1391 4222 sustulit

403 4253 498 4288 omnes
510 4237 618 4302 (Mutila.
630 4240 702 4290 xxiv.
716 4251 755 4300 15,
766 4237 817 4302 39).

274 4359 376 4443 Quod
395 4383 454 4445 per

322 4497 540 4546 Submersionem
556 4495 703 4547 Pharaonis
715 4505 742 4548 et
754 4496 950 4560 Aegyptiorum
962 4497 991 4546 ln
1004 4495 1075 4546 Mari
1086 4495 1160 4559 Suph
1171 4494 1265 4558 (Exod.
1277 4493 1352 4557 xlm),

273 4637 429 4704 interitus
453 4659 512 4722 per
538 4638 623 4702 salsa
648 4639 682 4702 in
705 4659 806 4703 sensu
828 4639 994 4722 spirituali
1017 4638 1239 4721 intelligatur,
1263 4639 1297 4701 in
1318 4637 1390 4702 Ar·
