3288 5294
313 675 374 758 158
627 689 679 741 os
701 687 806 741 uova
829 685 1105 741 uranosouvua

310 857 351 925 (n·
368 847 443 925 19'19.
457 855 535 927 2694
547 870 625 928 4000
641 869 716 928 600,
732 869 807 927 5004.
820 857 898 926 6058.
908 855 1162 926 6480486660.
1173 867 1250 925 7004.
1260 867 1337 925 7007.
1350 855 1427 926 8717.

311 927 424 996 10074[?
437 928 547 996 ιο774];
564 930 765 998 confirmatum
778 947 792 982 e
804 929 887 988 caelo.
902 945 928 982 n.
942 928 1033 995 6486).

365 997 428 1052 Nisi
437 999 625 1069 providentia
633 998 741 1053 Divina
750 995 1136 1054 Dominiioretuniver'salis
1144 1013 1181 1052 ex
1189 997 1234 1052 sin
1276 995 1428 1054 latissimis

309 1077 341 1123 et
354 1067 383 1122 in
396 1068 442 1123 sin
485 1069 645 1131 larissimis,
658 1068 740 1151 quod
755 1068 828 1122 nihil
842 1068 1001 1124 subsistere
1015 1079 1117 1138 posset
1131 1071 1171 1136 (n.
1184 1068 1237 1137 633
1254 1068 1276 1137 ).

363 1137 432 1220 960
473 1155 525 1208 per
544 1138 573 1192 id
592 1155 694 1194 omnia
711 1139 857 1208 disposita
875 1139 935 1193 sint
954 1139 984 1192 in
1003 1138 1147 1202 ordinem,
1166 1147 1198 1193 et
1219 1147 1377 1194 teneantur
1397 1137 1428 1192 in

308 1208 422 1270 ordine,
436 1209 466 1262 in
479 1209 630 1263 communi
644 1220 674 1264 et
688 1209 717 1263 in
734 1220 817 1279 parte
832 1211 872 1277 (ιι.
885 1208 975 1278 6338).

363 1277 524 1421 8606060
532 1279 734 1349 comparative
744 1296 776 1334 se
787 1279 877 1334 habet
887 1295 954 1333 curn
967 1295 1035 1350 rege
1048 1278 1078 1332 in
1091 1289 1170 1334 terra
1182 1279 1223 1346 (n.
1233 1277 1311 1345 6486,
1323 1277 1427 1344 60800).

393 1350 452 1404 606
466 1349 585 1432 propria
597 1350 756 1432 prudentia
768 1349 950 1432 hominissit
962 1349 1040 1404 sicut
1053 1355 1164 1432 paucus
1176 1365 1299 1419 grumas
1318 1348 1347 1430 in
1361 1348 1426 1402 uni·

308 1435 403 1482 verso,
416 1430 448 1474 at
467 1420 655 1491 providentia
674 1418 784 1474 Drvrna
802 1430 880 1474 srcut
900 1436 995 1490 ipsum
1014 1435 1185 1474 universum
1204 1417 1367 1489 respedirve
1387 1422 1426 1488 (6.

308 1491 451 1697 &Quod
466 1559 507 1615 ita
516 1559 555 1615 sit
564 1561 645 1632 quod
658 1560 795 1617 homines
805 1576 891 1632 aegre
900 1561 1020 1632 capiant
1030 1560 1060 1616 in
1071 1559 1184 1614 mundo
1195 1560 1235 1628 (n.
1245 1559 1322 1626 8717.
1335 1571 1427 1628 10775,

362 1700 512 1838 9606666
531 1701 629 1771 plures
642 1700 774 1756 fallaciae
787 1701 971 1772 impugnant,
985 1711 1015 1756 et
1033 1701 1207 1756 caecitatem
1223 1699 1370 1755 inducunt
1387 1701 1427 1770 (ιι.

307 1771 408 1896 oran}
426 1842 557 1911 quodam
580 1841 610 1895 in
629 1842 722 1896 altera
739 1840 810 1903 vita,
829 1840 879 1912 qui
899 1841 1066 1896 crediderat
1090 1857 1127 1896 ex
1148 1839 1374 1896 confirmatione
1396 1839 1426 1895 in

308 1912 422 1966 mundo
430 1911 532 1966 omnia
542 1911 677 1982 propriae
688 1911 862 1982 prudentiae
870 1927 943 1973 esse,
952 1923 983 1966 et
991 1911 1064 1966 nihil
1075 1911 1280 1982 providentiae
1291 1910 1427 1975 Divinae,

307 1983 388 2054 quod
403 1981 453 2037 illa
464 1998 541 2054 quae
553 1983 632 2052 apud
645 1998 714 2037 eurn
726 1981 916 2054 apparuerint
930 1981 1085 2037 infernalia
1099 1983 1138 2052 (n.
1151 1981 1243 2052 6484).

362 2117 555 2173 Providentia
569 2117 689 2174 Domini
707 2117 785 2173 circa
798 2119 882 2182 mala,
896 2119 991 2190 qualis
1006 2120 1046 2188 (n.
1058 2119 1137 2186 6481,
1149 2117 1227 2190 6495,
1239 2117 1317 2188 6574,
1333 2129 1425 2186 10777,

311 2189 451 2330 Ι07993ιο6
470 2259 548 2313 mala
565 2275 618 2329 per
630 2259 711 2331 leges
730 2260 933 2330 permissionis
952 2269 1094 2331 regantur
1105 2275 1124 2314 a
1143 2258 1282 2322 Domino,
1295 2269 1326 2314 et
1343 2259 1424 2329 quod

308 2329 519 2400 permittantur
531 2339 652 2400 propter
663 2330 799 2385 ordinem
815 2333 854 2400 (n.
868 2331 945 2396 8700,
963 2330 1068 2398 10778).

362 2399 522 2454 Permissio
535 2401 603 2454 mali
619 2417 637 2454 a
653 2399 792 2462 Domino,
806 2401 887 2470 quod
901 2417 961 2455 non
977 2402 1015 2455 sit
1031 2409 1065 2454 ut
1079 2399 1222 2464 volentis;
1240 2399 1293 2454 sed
1312 2409 1346 2454 ut
1364 2415 1424 2454 non

305 2470 443 2552 volentis,
457 2481 488 2524 at
504 2471 553 2540 qui
569 2470 711 2526 auxilium
728 2471 803 2525 ierre
819 2487 877 2526 non
895 2481 1002 2541 potest,
1015 2481 1139 2542 urgente
1158 2470 1225 2534 fine,
1238 2470 1289 2541 qui
1305 2481 1351 2526 est
1368 2469 1425 2525 sal·

305 2541 548 2682 vatiieiirigrigig'
563 2610 677 2667 homini
699 2627 736 2666 ex
757 2625 812 2666 suo
834 2611 927 2666 libero
948 2611 1080 2694 cogitare
1104 2621 1135 2666 et
1159 2611 1234 2666 velle
1256 2611 1375 2675 malurn,
1394 2619 1424 2666 et

305 2693 451 2752 quantum
465 2697 524 2736 non
539 2683 619 2753 leges
632 2691 743 2745 vetant,
758 2681 861 2744 iacere,
875 2682 956 2752 quod
970 2693 1010 2737 srt
1023 2681 1195 2752 permittere
1209 2685 1250 2752 (n.
1266 2681 1371 2750 10778).

361 2749 463 2834 (9606
473 2753 584 2822 absque
594 2753 695 2814 libero,
707 2753 749 2806 ita
759 2753 871 2822 absque
882 2752 932 2806 illa
945 2752 1146 2823 permissione,
1158 2753 1250 2807 horno
1262 2768 1323 2806 non
1334 2750 1424 2806 reior-

306 2838 388 2884 marr,
400 2833 441 2876 rta
454 2838 513 2877 non
527 2823 634 2878 salvari
648 2823 751 2893 possit,
761 2823 898 2878 videatur
910 2839 1000 2893 supra
1013 2823 1042 2876 in
1058 2821 1202 2878 Dodirina
1213 2821 1381 2886 Delibero,
1395 2837 1423 2878 ιι.

308 2893 450 2962 141-149·)

355 3027 445 3102 Quod
462 3027 594 3084 Domino
608 3027 648 3083 sit
666 3027 855 3099 providentia
869 3039 899 3084 et
919 3027 1129 3099 praevidentia,
1143 3039 1173 3083 et
1188 3028 1270 3100 quod
1289 3043 1349 3084 una
1363 3041 1423 3083 non

304 3099 344 3155 sit
356 3101 467 3170 absque
480 3099 573 3153 altera
586 3099 626 3168 (n.
642 3111 717 3168 5195,
731 3099 822 3168 6489).

358 3167 447 3241 9606
466 3185 484 3223 6
504 3168 634 3224 Domino
648 3169 838 3240 provideatur
850 3170 962 3224 bonurn
981 3179 1012 3224 et
1030 3167 1238 3240 praevideatur
1251 3167 1362 3224 malurn
1381 3169 1423 3238 (ιι.

306 3252 382 3310 ⁵155.
398 3251 473 3308 5195.
486 3239 565 3309 6489,
581 3239 686 3308 6686-

386 3360 446 3414 606
460 3373 520 3413 non
534 3359 574 3414 sit
586 3359 818 3430 praedestinatio
830 3375 883 3414 seu
897 3358 991 3414 iatum
1006 3361 1046 3427 (n.
1059 3358 1151 3426 6487).

357 3356 446 3552 {uod
459 3445 564 3485 omnes
576 3429 787 3501 praedestinati
800 3430 861 3485 sint
873 3431 911 3486 ad
924 3431 1048 3492 caelum,
1061 3440 1092 3484 et
1104 3429 1204 3484 nullus
1216 3427 1254 3484 ad
1275 3425 1423 3484 infernum

306 3501 346 3568 (n.
358 3499 450 3642 (ἓξὲξ)
461 3585 521 3624 606
535 3569 574 3626 sit
586 3569 686 3641 aliqua
695 3571 856 3626 necessitas
865 3571 1003 3626 absoluta
1012 3569 1092 3640 apud
1107 3569 1260 3626 hominem
1274 3586 1311 3625 ex
1324 3567 1423 3640 provi·

303 3639 414 3703 dentia,
427 3640 480 3696 sed
499 3641 581 3712 quod
600 3641 638 3696 sit
658 3641 745 3712 plena
760 3642 881 3696 libertas
897 3641 1089 3710 (illustratum
1102 3645 1160 3712 per
1173 3644 1422 3711 comparationem,

303 3727 332 3766 ‘¹'
345 3709 443 3864 iffi
458 3797 511 3851 per
521 3779 676 3837 “erectosu
690 3781 719 3836 6
730 3781 830 3838 veruo
840 3781 1044 3854 intelligantur
1053 3781 1104 3852 qur
1118 3781 1148 3836 tn
1158 3781 1300 3837 vitabunt
1310 3791 1341 3837 et
1354 3781 1423 3836 inae

302 3865 365 3907 Vffl
378 3862 449 3906 ⁵¹¹¹st
464 3853 504 3920 (¹2·
518 3865 595 3934 ³255·
610 3867 685 3922 39⁰0·
702 3865 777 3922 5057·
792 3853 882 3920 5058)-

356 3920 519 3994 Quomodo
540 3921 765 3993 intelligendum
788 3933 834 3978 est
855 3923 935 3994 quod
957 3921 1064 3979 “Deus
1085 3938 1239 3980 occurrere
1261 3921 1365 3980 iecerit
1384 3921 1422 3978 ad

303 3992 452 4056 manum,”
464 3993 557 4047 Exod.
570 3993 628 4047 xxi.
646 4007 676 4061 13
693 3995 733 4061 (n.
746 3993 837 4062 9010).

356 4125 445 4200 Quod
460 4124 585 4188 iomuna,
595 4141 671 4210 quae
684 4126 713 4182 in
728 4127 830 4181 multis
844 4127 873 4180 in
887 4129 1000 4182 mundo
1010 4139 1134 4198 apparet
1144 4129 1293 4190 mirabilis,
1303 4129 1342 4184 sit
1352 4144 1423 4200 ope·

303 4198 379 4252 ratio
394 4197 519 4252 Divinae
533 4197 737 4267 providentiae
753 4197 782 4251 in
798 4199 905 4253 ultimo
918 4197 1039 4260 ordinis,
1053 4199 1216 4253 secundum
1227 4201 1315 4270 quale
1327 4210 1423 4256 status

303 4267 449 4330 hominis;
468 4277 499 4322 et
513 4268 593 4338 quod
611 4267 660 4322 illa
675 4268 769 4352 possit
784 4283 849 4323 esse
861 4268 1081 4324 confirmationi
1096 4269 1178 4340 quod
1197 4268 1306 4324 Divina
1324 4270 1423 4340 provi-

303 4338 406 4394 dentia
418 4339 457 4393 sit
470 4337 499 4392 in
513 4338 647 4392 omniurn
660 4339 902 4410 singularissimis
916 4341 956 4408 (n.
972 4351 1047 4408 5049,
1063 4350 1138 4408 5179.
1151 4339 1229 4422 6493,
1243 4340 1335 4408 6494).

356 4406 445 4480 9606
459 4408 498 4463 sit
510 4423 547 4463 ex
560 4409 697 4464 mundos
720 4409 836 4472 irituali,
847 4420 877 4464 et
887 4411 966 4481 quod
978 4409 1047 4465 inde
1057 4409 1122 4480 ejus
1131 4409 1311 4466 variationes
1321 4410 1423 4480 (etaim

302 4478 338 4534 ab
350 4480 540 4548 experientia,
553 4495 581 4534 n.
596 4491 672 4549 5179,
703 4493 763 4550 493,
776 4479 868 4549 6494).
