3352 5298
196 2479 336 2548 .308

478 679 526 730 su
548 677 633 746 aJus
655 677 855 732 oocrnms
877 677 1153 730 cassusne-u.
1172 678 1220 748 51.
1354 663 1412 745 '47

291 849 409 904 interno
422 864 475 904 seu
485 847 640 919 spirituali,
650 858 685 903 ut
697 847 827 904 mundus
837 847 920 904 caelo
931 848 972 918 (n.
983 859 1059 918 5077,
1072 859 1121 918 512
1124 858 1148 916 5,
1160 845 1236 917 5128,
1248 845 1324 917 5786,
1337 859 1412 918 5947,

291 919 592 1062 ¹⁰²gigg⁴ssiemus
611 990 703 1046 homo
721 989 761 1046 sit
780 989 910 1048 mundus
928 987 1100 1060 respective,
1118 987 1190 1060 quis
1207 987 1235 1044 ei
1254 987 1414 1060 inscriptae

288 1073 358 1115 sunt
372 1062 452 1132 leges
465 1059 579 1144 ordinis
590 1059 692 1144 Divini
704 1076 782 1144 qpae
795 1060 824 1144 in
839 1061 968 1124 mundo;
986 1070 1017 1115 et
1029 1060 1111 1130 quod
1125 1061 1259 1142 internus
1269 1059 1361 1142 borno
1374 1059 1414 1114 sit

287 1129 1413 1272 111111181111188181181111114111.11111114

290 1283 392 1339 104723
410 1283 442 1328 et
455 1273 485 1328 in
498 1289 588 1344 opere
601 1274 647 1328 De
660 1273 743 1328 Caelo
755 1273 795 1343 [et
805 1271 947 1344 Inferna}
961 1288 990 1328 n.
1004 1271 1111 1341 51-58).

342 1374 431 1448 Quod
446 1377 507 1432 sint
520 1376 683 1432 scientifica
697 1392 773 1448 quae
785 1385 971 1432 concernunt
984 1375 1136 1436 naturalia,
1146 1391 1223 1446 quse
1236 1385 1307 1431 sunt
1316 1385 1412 1430 status

287 1455 318 1502 et
328 1449 407 1502 vitae
417 1447 520 1510 civilis,
530 1463 607 1518 quae
617 1458 688 1504 sunt
697 1457 792 1502 status
802 1457 834 1502 et
842 1447 922 1502 vitae
932 1447 1060 1508 moralis,
1070 1456 1102 1501 et
1110 1462 1187 1518 quae
1196 1456 1266 1500 sunt
1276 1455 1372 1502 status
1381 1457 1413 1502 et

286 1517 366 1572 vitae
381 1517 543 1589 spiritualis
557 1520 597 1586 in·
630 1517 709 1601 mi?
724 1517 812 1588 11141.
828 1519 917 1587 59³4)-
1414 1511 1418 1522 ’

342 1587 401 1644 Sed
416 1589 498 1660 quod
512 1589 603 1644 distin
637 1589 713 1644 ionis
728 1604 825 1651 causa,
840 1589 889 1642 illa
900 1603 978 1659 quse
990 1596 1061 1643 sunt
1075 1595 1171 1642 status
1186 1595 1217 1642 et
1234 1587 1315 1642 vitae
1327 1587 1412 1659 spiri·

288 1659 378 1715 tualis
391 1659 530 1714 dicentur
538 1659 734 1731 cognitiones,
745 1675 821 1730 quae
834 1659 992 1730 praecipue
1001 1667 1072 1714 sunt
1081 1655 1256 1712 doctrinalia
1267 1661 1306 1728 (11.
1319 1660 1411 1728 9945).

340 1770 429 1845 Quod
443 1773 535 1828 bomo
546 1772 725 1830 imbuendus
735 1772 775 1828 sit
783 1771 917 1828 scientiis
926 1781 957 1828 et
966 1771 1197 1844 cognitionibus,
1207 1770 1349 1841 quoniam
1360 1787 1413 1842 per

286 1841 352 1899 ilias
361 1843 450 1898 discit
461 1843 601 1927 cogitare,
612 1843 681 1898 dein
696 1839 946 1968 *menigefiffifid
955 1859 1059 1898 verum
1073 1853 1104 1898 et
1116 1843 1237 1904 bonum,
1245 1853 1276 1896 et
1288 1843 1411 1897 tandem

286 1929 397 1984 sapere,
410 1914 469 1970 hoc
487 1925 542 1978 est,
554 1929 656 1970 vivere
674 1914 839 1970 secundum
859 1915 878 1968 11
928 1916 968 1979 (ιι.
986 1926 1136 1982 129,1450,
1153 1925 1227 1982 1451,
1244 1925 1319 1982 1453.
1335 1911 1410 1982 1548,

289 1983 429 2128 ¹80guod
444 2055 609 2112 scientifica
624 2065 654 2110 et
669 2054 857 2127 cognitiones
872 2055 933 2110 sint
948 2055 1051 2126 prima,
1064 2070 1153 2137 super
1165 2055 1273 2125 quibus
1285 2053 1412 2137 struitur

285 2135 316 2181 et
331 2126 473 2182 fundatur
485 2127 615 2182 hominis
628 2125 697 2188 vita,
711 2137 773 2180 tarn
786 2125 882 2180 civilis
897 2141 986 2196 quam
1000 2127 1129 2188 moralis,
1142 2135 1177 2180 ut
1191 2137 1222 2180 et
1234 2125 1410 2196 spiritualim

286 2198 411 2352 1116οά
427 2197 570 2253 discenda
583 2198 643 2252 sint
656 2206 778 2279 propter
790 2212 879 2251 usum
893 2195 973 2250 vitae
986 2206 1020 2250 ut
1033 2195 1122 2250 finem
1139 2196 1269 2278 (11.1489,
1284 2197 1374 2266 3310).

369 2268 426 2322 uod
442 2268 629 2352 cognitiones
644 2276 780 2338 aperiant
793 2266 873 2322 viam
893 2266 931 2321 ad
951 2266 1100 2321 internum
1115 2267 1276 2329 hominem,
1289 2282 1325 2322 ac
1340 2267 1410 2322 dein

285 2351 341 2393 con
355 2349 469 2410 ungant
483 2340 565 2393 11111111
578 2355 647 2393 cum
662 2347 788 2392 externo
800 2338 965 2392 secundum
979 2353 1050 2392 usus
1067 2339 1107 2404 (n.
1124 2337 1198 2406 1563,
1215 2337 1303 2406 1616).

337 2356 427 2548 guod
438 2409 583 2464 rationale
593 2419 732 2464 nascatur
741 2424 794 2478 per
803 2408 943 2464 scientias
952 2417 983 2462 et
995 2407 1182 2478 cognitiones
1194 2409 1234 2477 (ιι.
1246 2407 1296 2477 189
1314 2448 1320 2470 ,
1334 2421 1409 2478 1900,

377 2497 384 2543 ;
402 2481 530 2535 sednon
540 2496 593 2550 per
606 2479 683 2550 ipses
692 2477 831 2534 scientias
843 2489 875 2533 et
886 2478 1082 2550 cognitiones,
1092 2478 1144 2534 sed
1159 2478 1277 2548 peraffe
1310 2479 1409 2536 ionem
1428 2483 1433 2496 '

286 2566 391 2605 usuum
405 2567 442 2606 ex
458 2549 521 2614 illis,
528 2561 559 2606 et
571 2550 736 2605 secundum
751 2565 817 2604 earn
833 2551 873 2618 (n.
890 2549 978 2618 1895).

339 2617 429 2692 Quod
443 2621 577 2676 internus
587 2619 679 2676 homo
689 2619 838 2690 aperietur
850 2629 881 2675 et
893 2620 1061 2675 successive
1071 2618 1241 2690 perficiatur
1250 2635 1303 2690 per
1314 2619 1409 2675 scien-

285 2691 341 2747 tias
360 2701 391 2748 et
409 2691 605 2763 cognitiones,
619 2691 644 2746 si
663 2689 756 2744 honlo
774 2706 828 2761 pro
844 2689 903 2746 fine
920 2689 1011 2746 habet
1026 2707 1112 2746 usum
1128 2691 1249 2753 bonum.
1264 2689 1409 2761 imprimis

285 2777 370 2817 usum
383 2763 436 2833 qui
451 2759 568 2832 spetiat
580 2761 674 2816 vitam
687 2771 839 2818 aeternam
855 2763 895 2830 (n.
909 2761 1001 2830 3086).

337 2831 426 2904 Quod
448 2843 521 2888 tunc
541 2831 713 2888 scientificis
735 2841 765 2887 et
786 2831 1016 2903 cognitionibus,
1032 2847 1109 2914 quae
1131 2841 1202 2886 sunt
1225 2830 1254 2885 in
1280 2833 1408 2887 naturali

284 2902 413 2966 homine,
423 2911 581 2960 occurrant
588 2901 754 2973 spiritualia
763 2918 800 2958 ex
809 2902 929 2958 caelesti
940 2912 971 2958 et
980 2902 1126 2973 spirituali
1137 2901 1266 2966 homine,
1275 2911 1306 2957 et
1315 2904 1409 2974 adop-

284 2983 348 3028 tent
363 2973 573 3029 convenientia
587 2975 626 3040 (n.
645 2973 733 3042 1495).

337 3043 427 3117 Quod
446 3061 519 3100 usus
537 3043 616 3099 vitae
634 3043 771 3099 caelestis
788 3052 861 3098 tunc
882 3059 919 3098 ex
942 3043 1113 3099 scientificis
1134 3051 1165 3098 et
1186 3043 1408 3115 cognitionibus

283 3130 359 3185 quae
378 3115 408 3170 in
428 3115 555 3170 naturali
571 3113 701 3176 homine,
715 3130 768 3184 per
787 3113 936 3169 internum
952 3114 1145 3178 bominem,a
1164 3113 1297 3169 Domino
1311 3124 1409 3170 extra·

284 3185 401 3249 bantur,
414 3185 580 3248 elimentur,
596 3195 627 3240 et
645 3185 800 3240 eleventur
816 3185 856 3252 (n.
875 3183 950 3254 1895,
969 3185 1044 3255 1896,
1061 3199 1224 3254 1900-1902,
1239 3185 1315 3255 5871,
1330 3184 1406 3254 5874,

338 3271 373 3312 1.

285 3258 375 3382 ”ogs
387 3326 468 3398 quod
479 3325 642 3382 scientifica
652 3325 741 3381 incon
798 3341 817 3380 a
828 3335 860 3381 et
872 3325 1062 3382 adversantia
1073 3326 1111 3382 ad
1125 3325 1218 3382 latera
1227 3325 1407 3396 rejiciantur,

282 3407 313 3452 et
325 3397 561 3453 exterminentur
577 3399 617 3466 (ιι.
633 3396 708 3466 5871,
724 3409 737 3466 5
758 3396 800 3460 86,
816 3396 906 3466 5889).

335 3466 425 3540 Quod
444 3468 526 3523 visus
545 3467 654 3522 interni
677 3467 808 3523 hominis
826 3483 888 3522 non
906 3467 989 3522 aliud
1008 3477 1114 3524 evocet
1132 3484 1169 3522 ex
1187 3465 1358 3523 scientificis
1377 3477 1408 3523 et

282 3539 504 3676 cogn)itionibus
525 3537 641 3594 externi
664 3537 802 3601 hominis,
817 3553 909 3609 quam
930 3555 1007 3610 quae
1034 3549 1104 3594 sunt
1128 3537 1238 3594 amoris
1263 3537 1341 3593 illius
1367 3541 1407 3606 (n.

335 3679 426 3806 gpod
436 3679 600 3734 scientifica
612 3688 643 3734 et
656 3678 843 3751 cognitiones
854 3678 1048 3736 fasciculatim
1060 3679 1121 3734 sint
1133 3679 1279 3750 disposita
1290 3688 1321 3735 et
1336 3695 1408 3735 con-

281 3749 334 3820 jun
396 3751 560 3806 secundum
574 3765 691 3805 amores
704 3766 756 3820 per
768 3765 845 3820 quos
859 3749 1028 3806 introducta
1043 3752 1082 3817 (n.
1098 3751 1187 3820 5881).

334 3820 424 3893 Quod
437 3831 510 3875 tunc
519 3821 574 3876 sub
587 3821 652 3876 visu
664 3821 771 3876 interni
785 3819 915 3876 bominis
928 3821 958 3875 in
971 3821 1072 3876 medio
1081 3821 1142 3876 sint
1154 3831 1185 3874 et
1198 3821 1227 3874 in
1240 3819 1321 3876 claro
1350 3837 1407 3878 uae

281 3893 481 4017 ειεοιέεόὲιὲῃτ,
492 3892 530 3946 ad
543 3892 636 3946 latera
647 3900 748 3946 autem
761 3901 792 3946 et
805 3891 835 3945 in
848 3893 976 3947 obscuro
988 3907 1064 3963 quae
1077 3905 1137 3947 non
1150 3891 1260 3946 amoris
1274 3892 1315 3960 (n.
1327 3836 1406 3954 2068,

335 3963 424 4104 guod
435 3963 599 4088 ffliintifica
608 4041 639 4088 et
650 4031 838 4116 cognitiones
848 4033 927 4103 apud
941 4032 1093 4088 hominem
1104 4032 1271 4088 successive
1282 4033 1407 4105 implan-

281 4113 382 4159 tentur
394 4104 459 4174 ejus
472 4103 631 4165 amoribus,
644 4113 675 4158 et
688 4119 717 4157 ιιι
729 4102 786 4158 illis
799 4103 935 4158 habitent
949 4103 990 4172 (n.
1002 4103 1094 4174 6325).

333 4172 423 4246 Quod
432 4173 524 4228 bomo
534 4174 563 4228 in
574 4189 694 4228 omnem
704 4173 859 4228 scientiam
870 4183 901 4228 ct
911 4173 981 4228 inde
990 4173 1217 4244 intelligentiam
1226 4184 1405 4236 nasceretur,

281 4243 305 4299 si
321 4243 351 4298 in
366 4259 498 4299 amorem
516 4244 546 4297 in
563 4242 726 4299 Dominum
742 4253 773 4298 et
789 4243 819 4298 in
833 4259 965 4299 amorem
979 4261 1050 4316 erga
1062 4244 1246 4314 proximum:
1266 4245 1319 4300 sed
1335 4245 1405 4316 quia

280 4313 311 4438 i6n
330 4331 462 4439 amgsrem
477 4315 523 4370 sui
539 4325 570 4370 et
585 4313 697 4377 mundi,
710 4315 792 4385 quod
808 4323 947 4370 nascatur
962 4313 993 4370 in
1007 4315 1131 4371 totalem
1148 4313 1346 4386 ignorantiam
1363 4317 1404 4384 (n.

317 4399 332 4439 2
408 4399 423 4438 2
457 4427 463 4441 .
1268 4435 1269 4438 ,

299 4399 315 4454 ³
334 4386 568 4527 {jugdsgcientia
583 4455 779 4540 intelligentia
790 4465 822 4511 et
836 4455 982 4526 sapientia
993 4455 1054 4511 sint
1066 4455 1119 4510 filii
1131 4455 1242 4511 amoris
1256 4455 1286 4510 in
1300 4455 1404 4512 Domi·

281 4541 351 4581 num
364 4536 395 4582 ct
407 4527 517 4581 amoris
529 4541 600 4598 erga
612 4541 780 4597 proximum
794 4528 835 4596 (n.
848 4525 923 4590 1226,
937 4539 1014 4596 2049,
1028 4526 1119 4594 2116).

332 4641 422 4717 Quod
437 4643 601 4700 scientifica
618 4653 649 4700 et
667 4643 862 4716 cognitiones,
877 4644 949 4716 quis
965 4654 1036 4702 sunt
1054 4645 1168 4702 externi
1187 4661 1240 4702 seu
1259 4645 1402 4702 naturalis
