3282 5294
627 684 677 736 ns
699 685 930 737 cuummm.
1296 693 1336 760 ¹³

283 849 411 917 Verum
427 861 480 916 est
496 853 586 936 quod
601 854 704 918 homo
720 876 755 918 se
778 853 931 921 confiteri
942 855 1100 922 l¹ldebeat
1116 879 1192 923 esse
1214 877 1336 942 pecca-

220 955 340 1023 torem,
357 957 393 1012 et
409 947 499 1030 quod
522 967 589 1011 non
608 949 777 1030 integrum
793 951 836 1012 sit
851 971 872 1013 a
887 951 998 1032 capite
1014 951 1057 1015 ad
1080 951 1194 1017 volam
1219 955 1336 1036 pedis;

219 1039 285 1104 hoc
310 1050 426 1122 potest
453 1041 555 1124 loqui,
578 1051 614 1106 et
640 1062 685 1105 ex
711 1044 856 1106 scientia
881 1043 991 1126 loqui;
1029 1045 1090 1109 sed
1119 1055 1236 1110 tamen
1265 1067 1337 1110 non

220 1143 335 1215 potest
350 1135 489 1199 interius
512 1135 648 1200 credere
664 1136 707 1211 id,
724 1137 786 1199 nisi
802 1136 836 1199 id
851 1138 937 1202 sciat
960 1158 1019 1221 per
1042 1138 1315 1220 explorationem
1329 1163 1336 1218 ;

220 1237 300 1291 tunc
316 1237 432 1308 potest
447 1228 531 1292 haec
544 1228 665 1304 dicere,
678 1238 714 1292 et
730 1239 811 1294 tunc
824 1231 967 1312 primum
982 1231 1224 1297 animadvertit
1247 1235 1337 1315 quod

220 1339 288 1384 non
310 1322 479 1403 integrum
502 1322 535 1385 in
557 1343 599 1385 eo
622 1323 675 1386 sit.
720 1321 785 1396 Sic,
802 1343 870 1388 non
893 1323 1001 1402 aliter,
1018 1327 1167 1406 a'peritur
1186 1325 1279 1390 ulcus
1302 1337 1337 1391 et

218 1423 377 1491 sanatur;
399 1416 546 1498 alioquin
561 1425 615 1480 est
631 1418 759 1480 curatio
776 1417 959 1498 palliativa.

283 1506 411 1572 Annon
428 1509 592 1574 Dominus
608 1511 814 1591 praedicavit
836 1513 1093 1594 poenitentiam,
1110 1514 1214 1578 etiam
1238 1515 1337 1578 disci-

219 1600 298 1683 puli,
315 1603 418 1666 etiam
433 1603 508 1684 Joh.
525 1603 690 1685 Baptista.

280 1693 408 1760 Esaias
423 1697 515 1772 dicit,
532 1698 621 1780 quod
638 1699 780 1780 primum
797 1700 840 1763 sit
855 1699 1018 1764 desistere
1033 1721 1054 1764 a
1069 1700 1176 1776 malis,
1196 1712 1231 1765 et
1248 1701 1338 1784 quod

219 1799 300 1854 tunc
323 1790 431 1854 discet
455 1791 581 1854 bonum
603 1791 722 1856 lacere.
767 1793 859 1856 Prius
882 1813 950 1857 non
973 1795 1037 1858 scit
1059 1793 1163 1858 homo
1193 1795 1273 1877 quid
1303 1807 1338 1858 et

218 1883 317 1966 quale
337 1884 483 2040 blonum;
507 1885 632 1948 malum
657 1887 765 1951 nescit
789 1887 867 1970 quid
891 1888 1027 1965 bonum,
1049 1898 1085 1953 at
1109 1889 1235 1952 bonum
1260 1889 1338 1953 inde

218 1978 284 2044 scit
302 1997 357 2042 ma
371 1997 437 2042 um.

218 2177 246 2230 5.
272 2177 344 2235 uuor
355 2179 466 2246 palmum
489 2181 669 2233 remorandum
692 2183 730 2235 se't
749 2183 851 2242 mulum,
870 2181 929 2250 quia
951 2183 980 2235 id
1000 2186 1044 2236 ost
1064 2187 1153 2236 contra
1176 2183 1336 2242 charitatem,

319 2245 506 2365 ggged'mli‘tbpsr
525 2247 714 2315 poeniteutiam,
733 2253 868 2317 autequam
891 2249 983 2302 bouum
1005 2249 1074 2318 quod
1095 2249 1159 2303 tacit
1179 2255 1224 2303 set
1244 2251 1337 2303 bouum

381 2329 390 2364 ι
428 2329 460 2364 ι.

284 2434 452 2520 Quoniam
468 2438 594 2502 malum
606 2441 748 2521 primum
762 2441 935 2505 sciendum
951 2450 1004 2506 est
1019 2442 1064 2506 ob
1079 2461 1215 2506 causam
1232 2452 1268 2506 ut
1285 2463 1337 2505 re-

220 2541 406 2609 moveatur,
422 2533 499 2596 ideo
516 2533 708 2616 Decalogus
724 2535 783 2598 luit
800 2537 942 2616 primum
955 2535 1080 2614 Verbi;
1103 2545 1138 2600 et
1155 2555 1287 2618 quoque
1303 2537 1336 2598 in
1402 2539 1405 2544 '

220 2627 392 2691 toto-'orbe
408 2626 600 2692 Christiano
615 2639 667 2692 est
684 2630 826 2710 primum
839 2627 1011 2693 doetrinae
1027 2629 1211 2693 Ecclesiae.
1256 2627 1339 2693 Om-

108 2747 114 2760 ·
221 2741 281 2785 nes
295 2723 468 2786 initiantur
483 2723 517 2784 in
533 2721 723 2786 Ecclesiam
735 2743 794 2806 per
809 2724 893 2787 scire
905 2722 1031 2786 malum
1047 2732 1082 2787 et
1099 2722 1288 2786 nonfacere
1305 2722 1338 2786 id

220 2816 297 2898 quia
312 2825 431 2880 contra
447 2815 566 2880 Deum.

283 2907 395 2991 Quare
407 2910 472 2974 hoc
488 2911 630 2991 primum
644 2921 714 2973 tam
731 2907 883 2974 sanctum
896 2909 956 2974 luit
969 2929 1014 2974 ex
1030 2929 1132 2972 causa
1146 2909 1222 2991 quia
1238 2928 1338 2973 nemo

220 3011 335 3085 potest
350 3003 459 3067 facere
474 3005 600 3068 bonum
617 3003 844 3068 Christianum
860 3005 959 3085 prius.

283 3093 384 3178 Quod
399 3099 524 3162 bonum
541 3108 699 3180 sequatur
715 3107 811 3179 patet
827 3097 916 3162 clare
932 3117 977 3161 ex
998 3097 1085 3161 hoc:
1111 3096 1225 3178 Judex
1246 3096 1337 3171 dicit,

220 3209 288 3254 non
304 3189 383 3256 volo
395 3191 542 3273 judicare
558 3213 603 3256 ex
620 3191 720 3268 malo,
734 3201 871 3273 propter
886 3192 995 3254 varias
1007 3211 1136 3266 causas,
1153 3191 1213 3255 sed
1227 3189 1338 3272 juste3

220 3293 255 3348 et
271 3283 350 3349 lacit
367 3284 503 3348 bonum.

283 3377 432 3443 Colonus
448 3379 539 3454 dicit,
556 3377 635 3442 Non
650 3378 729 3442 volo
752 3378 861 3442 facere
879 3397 965 3460 opus
982 3379 1044 3442 nisi
1062 3377 1152 3460 jus-te
1175 3387 1211 3441 et
1234 3375 1340 3440 fideli·

220 3481 292 3551 ter3
316 3473 362 3536 sic
378 3471 458 3536 lacit
473 3492 557 3553 opus
572 3472 708 3536 bonum.

284 3565 339 3630 Ita
353 3567 387 3629 in
403 3565 494 3630 mille
509 3567 601 3644 aliis;
625 3586 701 3630 cum
718 3586 786 3630 non
802 3565 881 3630 iacit
898 3565 1033 3640 malum,
1051 3563 1130 3628 iacit
1145 3564 1282 3627 bonum.

285 3658 397 3742 Quare
413 3659 530 3741 regula
545 3669 660 3742 potest
676 3681 762 3736 esse,
779 3661 869 3742 quud
884 3659 998 3742 sugere
1012 3657 1141 3722 malum
1157 3667 1195 3722 ut
1218 3676 1340 3740 pecca·

222 3763 294 3818 tum
310 3754 354 3818 sit
370 3752 479 3818 lacere
494 3754 631 3818 bonum.
669 3837 671 3846 y

221 3943 248 3996 θ.
274 3941 345 4000 Ouud
360 3942 444 4012 quails
462 3947 505 3996 est
521 3943 629 4011 cognitio
648 3947 675 3996 et
691 3943 749 3997 luds
767 3942 873 3996 remotio
891 3941 953 3995 muli
966 3957 1015 4010 por·
1030 3939 1219 4010 poeaitentiam,
1236 3941 1289 3992 tulo
1306 3939 1343 3992 sit

321 4009 413 4062 bouum
428 4010 497 4077 quud
512 4015 555 4064 eet
570 4009 712 4063 claritatis.

286 4135 388 4200 Prout
404 4137 468 4200 scit
484 4136 563 4218 quid
579 4135 705 4200 malum
725 4135 800 4219 plus
818 4143 879 4200 aut
896 4135 1024 4213 miuus;
1048 4141 1147 4215 prout
1164 4133 1227 4195 scit
1252 4129 1342 4194 mala

222 4227 299 4292 fidei
314 4248 354 4293 ac
377 4228 467 4294 mala
481 4232 591 4308 vitae;
615 4240 650 4295 et
673 4230 843 4313 quomodo
866 4229 999 4293 desistit
1015 4228 1058 4291 ab
1073 4226 1158 4304 illis3
1181 4235 1216 4289 et
1235 4225 1340 4288 desis·

223 4323 267 4388 tit
282 4323 325 4387 ab
339 4323 404 4388 illis
420 4325 505 4390 sicut
521 4321 654 4406 spectat
669 4324 712 4388 ad
729 4323 921 4396 Dominum,
938 4331 974 4385 et
990 4320 1097 4386 credit
1112 4321 1146 4382 in
1163 4319 1286 4400 Ipsum.

287 4415 459 4498 Exempla
473 4428 615 4498 possunt
631 4419 771 4482 docere:
796 4437 873 4480 nam
890 4415 967 4479 talis
982 4423 1036 4478 est
1058 4415 1158 4488 intus,
1174 4431 1215 4476 eo
1232 4410 1343 4492 purior

226 4519 289 4585 est,
306 4531 348 4574 eo
363 4510 438 4574 sons
454 4511 600 4574 melioris
615 4531 733 4594 aquae,
750 4531 795 4574 ex
811 4530 877 4592 quo
893 4509 964 4572 lluit
979 4509 1118 4572 bonum.
1307 4519 1310 4524 '

288 4601 415 4680 Verbo,
428 4604 461 4667 in
474 4603 572 4668 simili
585 4605 691 4686 gradu
707 4613 742 4668 et
758 4605 791 4668 in
808 4602 907 4667 simili
920 4600 1085 4685 qualitate
1098 4599 1201 4664 cuivis
1216 4597 1341 4660 bonum
