3288 5294
288 733 291 742 ι
401 674 450 725 nr
473 675 556 741 uJus
579 673 777 727 nocrnnm
799 674 1073 726 cassasse—n.
1092 677 1163 744 293.
1282 660 1341 742 167

223 860 338 917 unum,
362 863 467 926 usque
491 845 647 926 cogitant
674 854 765 908 tres:
797 853 834 908 at
861 845 917 927 qui
944 845 986 908 de
1013 845 1203 908 Divinitate
1229 842 1342 906 ideam

224 936 325 999 trium
344 937 378 1000 in
397 957 464 1000 una
480 937 628 1002 Persona
644 937 784 1012 habent,
802 937 850 1002 illi
869 947 1012 1021 possunt
1031 939 1143 1001 ideam
1160 939 1256 1000 unius
1276 936 1340 1000 Dei

222 1029 359 1187 Issabere,
379 1051 418 1096 ac
442 1032 555 1096 dicere
578 1052 680 1096 unum
704 1032 826 1142 Deum,
846 1043 882 1096 et
905 1052 1039 1116 quoque
1062 1033 1215 1115 cogitare
1239 1051 1341 1095 unum

257 1144 344 1188 eum.

281 1235 383 1302 199.
412 1221 496 1285 Idea
508 1223 610 1286 trium
621 1222 655 1285 in
667 1242 735 1285 una
748 1221 897 1286 Persona
908 1221 1156 1298 habetur,cum
1167 1223 1342 1304 cogitatur

221 1317 313 1399 quod
328 1316 429 1381 Pater
447 1319 480 1381 in
500 1317 650 1382 Domino
668 1319 722 1392 sit,
740 1328 775 1382 et
795 1317 940 1401 Spiritus
958 1315 1095 1382 sanctus
1111 1319 1274 1401 procedat
1298 1318 1342 1382 ab

221 1410 313 1493 Ipso.
358 1410 499 1474 TrInum
522 1421 603 1476 tunc
626 1413 660 1475 in
684 1411 834 1476 Domino
846 1422 920 1489 est;
944 1412 1053 1494 ipsum
1069 1411 1229 1475 Divinum
1248 1411 1339 1494 quod

222 1504 324 1569 Pater
335 1516 488 1580 vocatur,
503 1505 662 1569 Divinum
680 1505 876 1569 Humanum
889 1506 979 1589 quod
997 1505 1111 1582 Filius,
1125 1515 1161 1570 et
1179 1506 1339 1569 Divinum

220 1599 412 1680 procedens
430 1600 520 1682 quod
540 1597 684 1682 Spiritus
703 1597 850 1663 sanetus.

280 1709 376 1777 191.
404 1695 493 1778 Quia
518 1697 551 1759 in
581 1696 731 1760 Domino
757 1716 860 1762 omne
887 1697 1048 1760 Divinum
1075 1705 1141 1772 est,
1164 1697 1243 1760 ideo
1269 1697 1340 1779 Ipsi

221 1789 333 1851 omnis
350 1799 506 1871 potestas
525 1791 558 1853 in
578 1789 682 1853 caelis
700 1799 736 1853 et
759 1791 793 1853 in
813 1791 911 1853 terris
929 1800 1003 1868 est;
1027 1790 1117 1873 quod
1136 1791 1240 1854 etiam
1260 1789 1339 1872 Ipse

220 1882 316 1958 dicit,
335 1883 426 1965 apud
444 1883 644 1959 Jotannem,

424 2017 439 2040 ‘¹
448 2017 538 2068 Pater.
548 2053 554 2066 .
565 2017 649 2067 ,dedit
660 2017 753 2067 omnia
764 2018 791 2068 In
804 2031 913 2067 manum
921 2016 935 2037 ”
949 2017 1008 2067 Filii
1020 2018 1067 2079 (tii.
1081 2019 1138 2080 35);

220 2130 311 2212 apud
328 2131 485 2205 eundem,

381 2243 460 2294 Pater
471 2245 544 2294 dedit
557 2243 624 2294 Filio
637 2246 819 2308 “potestatem
832 2245 921 2294 omnis
933 2244 1044 2294 carnis”
1056 2243 1128 2306 (xvii.
1141 2246 1180 2307 2);

220 2357 311 2440 apud
329 2357 549 2432 Matthaeum,

448 2471 573 2522 “Omnia
590 2472 657 2523 Mihi
669 2473 767 2524 tradita
778 2481 842 2524 sunt
853 2488 870 2523 a
883 2473 962 2524 Patre
971 2472 985 2494 '¹
996 2473 1041 2537 (xi.
1054 2473 1096 2536 17)
1108 2487 1115 2534 ;

220 2585 311 2668 apud
330 2586 487 2660 eundem,

290 2706 387 2756 “Data
398 2717 440 2756 est
453 2706 520 2757 Mihi
533 2709 622 2758 omnIs
634 2717 754 2772 potestas
766 2708 793 2758 in
806 2707 881 2758 caelo
893 2717 920 2758 et
933 2709 959 2758 iu
973 2717 1044 2758 terra
1053 2707 1068 2728 ''
1079 2707 1180 2771 (xxviii.
1194 2704 1270 2770 [¹¹18).

220 2844 316 2910 Talis
332 2855 488 2928 potestas
507 2846 666 2910 Divinum
685 2856 750 2912 est.

280 2956 376 3024 191.
405 2941 472 3024 Qui
502 2943 631 3006 faciunt
658 2942 857 3006 Humanum
883 2943 1023 3006 Domini
1049 2943 1160 3006 simile
1188 2943 1339 3006 humano

220 3033 307 3098 alius
323 3035 480 3110 hominis,
497 3054 565 3098 non
582 3035 739 3116 cogitant
759 3037 802 3100 de
820 3037 1046 3118 conceptione
1067 3036 1177 3118 Ipsius
1193 3055 1239 3098 ex
1258 3035 1340 3117 Ipso
1451 3101 1457 3124 ι

221 3127 367 3192 Divino:
399 3148 461 3192 nec
485 3129 688 3210 expendunt
711 3129 801 3211 quod
824 3149 947 3212 corpus
970 3129 1115 3210 cujusvis
1141 3129 1185 3192 sit
1209 3127 1339 3210 effigies

220 3241 302 3286 suae
331 3223 474 3286 animae.
520 3221 592 3286 Nec
616 3224 773 3304 cogitant
796 3223 839 3286 de
869 3221 1112 3288 resurredtione
1132 3222 1240 3304 ipsius
1263 3243 1340 3285 cum

221 3325 300 3381 toto
315 3335 474 3398 corpore:
500 3337 608 3399 neque
625 3317 667 3381 de
684 3317 763 3400 Ipso
779 3317 853 3380 viso
868 3336 945 3381 cum
961 3317 1232 3390 transformatus,
1249 3317 1340 3398 quod

221 3409 432 3492 splenduerit
454 3409 556 3474 iacies
580 3411 689 3494 Ipsius
711 3411 799 3474 sicut
823 3410 885 3474 sol.
931 3409 1003 3476 Nec
1027 3411 1184 3492 cogitant
1208 3411 1251 3472 de
1274 3410 1340 3472 illis

221 3523 308 3586 quae
325 3503 491 3566 Dominus
507 3504 642 3568 dixerat
659 3505 701 3568 de
717 3503 782 3568 fide
799 3505 832 3567 in
849 3505 975 3586 Ipsum,
993 3505 1036 3568 de
1052 3524 1119 3566 uno
1135 3522 1210 3566 cum
1228 3503 1339 3578 Patre,

221 3599 264 3662 de
280 3595 540 3679 glorificatione,
557 3598 667 3680 deque
686 3607 862 3680 potestate
878 3618 978 3679 super
993 3597 1127 3661 caelum
1145 3607 1180 3660 et
1201 3607 1339 3670 terram,

221 3693 312 3776 quod
336 3691 421 3756 haec
446 3691 569 3755 Divina
592 3694 660 3756 sint
683 3702 719 3756 et
737 3689 829 3756 dicta
851 3693 893 3756 de
918 3691 1081 3754 Humano
1102 3690 1220 3773 Ipsius.
1266 3689 1339 3754 Nec

221 3787 444 3851 recordantur
462 3786 553 3869 quod
573 3786 740 3850 Dominus
758 3787 1014 3868 omnipraesens
1037 3786 1080 3848 sit
1104 3786 1209 3848 etiam
1228 3785 1339 3866 quoad

223 3879 421 3944 Humanum
439 3879 577 3964 (Marta.
592 3881 711 3944 xxviii.
724 3879 802 3963 20);
825 3881 905 3943 inde
921 3890 1036 3944 tamen
1053 3878 1136 3942 tides
1149 3879 1346 3960 omniprae-

222 3977 354 4040 sentiae
374 3975 482 4058 Ipsius
502 3977 536 4038 in
559 3973 663 4039 Sacra
682 3973 796 4040 Cena:
823 3974 1113 4056 omnipraesentia
1132 3983 1185 4036 est
1205 3973 1339 4037 Divina.

223 4069 334 4134 Immo
360 4070 446 4134 forte
476 4089 544 4133 non
575 4071 732 4152 cogitant
759 4069 850 4152 quod
881 4069 1052 4142 Divinum,
1079 4067 1170 4150 quod
1198 4077 1341 4132 vocatur

223 4162 367 4247 Spiritus
386 4161 534 4240 sanctus,
552 4165 719 4247 procedat
733 4184 778 4228 ex
796 4162 958 4226 Humano
978 4161 1087 4244 Ipsius
1098 4183 1106 4240 ;
1130 4180 1206 4224 cum
1223 4170 1340 4225 tamen

224 4258 378 4341 procedit
398 4279 443 4321 ex
463 4257 571 4340 Ipsius
592 4258 753 4321 Humano
771 4255 983 4338 glorificato;
1007 4274 1085 4318 nam
1104 4255 1237 4328 dicitur,

272 4392 423 4524 “Norr‘dprp
441 4401 499 4472 erat
513 4393 626 4520 Spiritus
644 4389 761 4451 sandius,
774 4393 836 4456 quin
849 4391 929 4458 Jesus
946 4392 1066 4441 nondum
1080 4390 1245 4454 glorificatus
1259 4399 1316 4440 erat
1325 4389 1341 4411 ”

387 4475 402 4507 o
420 4473 483 4508 ,vn
497 4471 545 4521 39.

281 4613 379 4684 193.
408 4597 577 4664 Dominus
606 4599 640 4662 iu
665 4599 830 4663 mundum
858 4599 954 4662 venit
982 4605 1020 4662 ut
1048 4595 1200 4660 salvaret
1228 4615 1339 4678 genus
