3338 5300
690 651 921 702 ADDl'l'AMEN
925 651 1015 703 TUM.

520 1229 654 1370 [DE
695 1229 1187 1372 MIRACULIS]

697 1514 1005 1584 [FRAGMENTUM]

662 1769 1038 1782 ψ

355 1957 456 2041 Quod
479 1970 592 2024 autem
612 1962 725 2024 omnia
747 1983 833 2045 quae
856 1959 1053 2044 spectantur
1075 1963 1108 2025 in
1132 1961 1272 2036 Natura,
1291 1962 1323 2025 in
1348 1963 1408 2026 tri·

291 2055 352 2118 bus
371 2054 441 2136 ejus
459 2057 583 2136 regnis,
603 2055 686 2120 fiant
704 2077 748 2118 ex
769 2055 895 2120 influxu
914 2057 1029 2120 mundi
1048 2055 1229 2139 spiritualis
1251 2057 1284 2119 in
1308 2067 1408 2120 natu-

290 2149 406 2224 ralem,
423 2160 458 2213 et
477 2151 510 2212 in
529 2171 565 2213 se
580 2159 658 2213 sunt
675 2151 848 2223 mirabilia,
865 2171 951 2233 quae
967 2155 1105 2233 propter
1120 2161 1235 2215 suetos
1250 2148 1407 2232 aspectus

290 2254 326 2308 et
349 2264 513 2326 perennes
529 2265 680 2308 recursus
700 2265 767 2308 non
787 2256 823 2307 ut
843 2246 1002 2309 miracula
1020 2255 1227 2327 reputantur.
1272 2244 1324 2308 At
1342 2246 1407 2308 sci·

291 2349 350 2402 ant
369 2339 459 2422 quod
476 2339 635 2402 miracula
650 2359 736 2421 quae
752 2349 982 2403 memorantur
999 2341 1033 2404 in
1049 2338 1166 2403 Verbo
1181 2339 1333 2402 similiter
1349 2359 1408 2421 per

290 2433 453 2497 influxum
477 2455 522 2497 ex
545 2434 645 2516 priori
672 2433 730 2498 illo
752 2433 879 2497 mundo
906 2435 939 2497 in
962 2435 1184 2516 posteriorem
1207 2435 1296 2498 hunc
1318 2430 1407 2496 sacia

290 2529 377 2606 sint;
405 2537 440 2591 et
458 2528 549 2610 quod
567 2525 655 2591 sadta
674 2528 741 2592 sint
764 2547 823 2610 per
840 2527 1028 2592 illationem
1048 2528 1166 2592 talium
1185 2548 1271 2610 quae
1287 2529 1320 2592 in
1339 2529 1406 2610 spi·

290 2622 400 2686 rituali
423 2623 549 2685 mundo
571 2633 660 2698 sunt,
685 2623 717 2684 in
744 2623 1045 2704 correspondentia
1066 2623 1100 2686 in
1123 2621 1288 2700 naturali;
1320 2623 1407 2686 sicut

290 2717 380 2800 quod
411 2735 535 2779 manna
564 2736 664 2798 super
690 2728 802 2779 castra
831 2715 973 2780 filiorum
1000 2717 1134 2780 Israelis
1160 2718 1278 2800 quouis
1308 2737 1408 2781 mane

292 2809 557 2894 [descenderet],
585 2809 767 2874 defluentia
796 2831 841 2874 ex
875 2831 961 2893 pane
991 2812 1025 2874 in
1055 2811 1161 2886 cae10,
1192 2812 1226 2874 in
1257 2810 1408 2874 Naturae

289 2905 503 2988 receptacula
519 2905 633 2984 illata;
657 2905 809 2970 similiter
824 2908 920 2989 panis
939 2916 974 2970 et
993 2906 1101 2988 pisces
1121 2907 1154 2968 in
1171 2905 1289 2969 corbes
1308 2926 1407 2988 apos·

289 3001 448 3076 tolorum,
472 3021 557 3084 quae
580 3009 635 3063 tot
661 2999 807 3064 millibus
834 3001 1006 3064 hominum
1037 3000 1303 3078 distribuebant;
1334 3011 1406 3064 tum

289 3097 403 3159 vinum
422 3116 441 3158 e
459 3091 555 3159 caelo
574 3095 607 3156 in
624 3115 727 3178 aquas
745 3096 779 3158 in
798 3095 913 3176 hydris
932 3095 965 3158 in
984 3096 1108 3177 nuptiis
1127 3095 1182 3158 ubi
1198 3105 1271 3159 erat
1288 3094 1406 3158 Domi·

290 3212 373 3268 nus;
408 3200 443 3254 et
466 3190 556 3272 quod
580 3189 660 3252 ficus
683 3187 906 3266 arefaciant,
931 3211 990 3273 per
1012 3190 1101 3272 quod
1120 3209 1189 3253 non
1212 3190 1242 3253 ei
1265 3188 1408 3272 amplius

289 3287 333 3348 sit
363 3283 508 3347 influxus
538 3283 719 3366 spiritualis
749 3284 912 3359 alimenti,
938 3285 994 3368 qui
1024 3305 1068 3347 ex
1096 3285 1209 3347 radice
1236 3285 1406 3348 nutriebat

288 3379 381 3443 illam
394 3401 402 3458 ;
426 3379 578 3442 similiter
590 3380 623 3442 in
639 3379 773 3462 reliquis
788 3400 795 3441 :
820 3389 854 3442 et
867 3379 957 3462 quod
974 3380 1020 3442 sic
1034 3377 1194 3442 miracula
1206 3399 1274 3441 non
1286 3399 1405 3442 secun-

289 3475 368 3538 dum
388 3475 533 3536 insanias
552 3475 762 3557 quorundam
781 3475 987 3538 eruditorum
1006 3473 1117 3550 hodie,
1135 3495 1180 3538 ex
1199 3475 1308 3538 causis
1324 3494 1405 3538 con-

288 3570 449 3654 quisitise
466 3567 605 3645 Natura,
619 3567 707 3632 sacia
720 3571 797 3632 sint.
842 3567 955 3650 Quare
971 3568 1029 3631 illa
1044 3579 1122 3632 sunt
1139 3569 1406 3650 omnipotentiae

289 3663 432 3728 Divinae
459 3664 643 3725 secundum
671 3663 823 3726 ordinem
851 3662 997 3726 influxus
1023 3663 1139 3725 mundi
1166 3662 1346 3744 spiritualis
1371 3663 1405 3726 in

288 3757 488 3834 naturalem,
514 3759 685 3821 duntaxat
709 3777 784 3821 curn
808 3759 871 3821 hac
896 3757 1095 3832 differentia,
1120 3757 1210 3840 quod
1236 3756 1295 3820 illa
1320 3777 1406 3840 quae

288 3849 465 3918 actualiter
483 3855 637 3916 existunt
657 3854 689 3914 in
710 3853 835 3915 mundo
851 3852 1014 3934 spirituali
1030 3849 1207 3916 actualiter
1222 3851 1318 3916 illata
1336 3853 1404 3916 sint

288 3947 412 4011 talibus
435 3968 521 4030 quae
548 3949 581 4011 in
605 3947 732 4010 mundo
755 3947 900 4010 naturali
923 3947 1210 4029 correspondent;
1241 3947 1330 4030 quod
1357 3947 1406 4011 ita

289 4044 333 4106 sit
356 4051 392 4106 et
415 4042 484 4106 lieri
508 4044 624 4124 possit,
645 4053 697 4106 est
717 4042 986 4124 omnipotentiae
1006 4041 1148 4104 Divinae
1171 4061 1257 4123 quae
1280 4041 1405 4105 intelli·

286 4139 377 4219 gitur
403 4157 462 4219 per
486 4138 658 4218 “digitum
686 4135 779 4211 Dei,”
802 4157 846 4199 ex
873 4157 940 4218 quo
968 4135 1133 4199 Dominus
1159 4136 1405 4201 suamiracula

287 4232 460 4316 produxit.

350 4326 513 4390 Sermone
526 4326 590 4390 hoc
607 4325 714 4402 finito,
728 4325 841 4408 angeli
857 4335 994 4408 propter
1010 4324 1067 4388 illa
1083 4345 1169 4408 quae
1181 4325 1313 4388 locutus
1329 4345 1402 4388 sum

287 4441 341 4484 me
357 4421 500 4484 osculati
520 4431 609 4497 sunt,
630 4431 666 4484 et
689 4422 848 4484 dixerunt
867 4421 958 4503 quod
982 4421 1025 4483 ad
1044 4431 1233 4483 conventus
1252 4441 1330 4484 suos
1350 4439 1403 4484 me

285 4515 464 4598 aliquoties
480 4515 683 4594 invitarent;
707 4527 742 4579 et
761 4536 827 4597 ego
847 4517 974 4596 gratias
993 4515 1059 4596 egi,
1079 4525 1114 4578 et
1131 4515 1297 4598 spopondi
1316 4514 1403 4578 redi-

286 4619 379 4688 tum;
401 4611 434 4672 id
451 4611 586 4694 quando
605 4613 703 4674 venia
722 4611 820 4674 datur
839 4630 859 4673 a
879 4609 1037 4674 Domino
