3338 5300
519 699 719 752 mvmnrro
743 701 795 752 nu
818 700 954 752 novun
977 701 1200 753 accensum.
1370 702 1411 772 95

299 869 457 953 antiquos
486 870 519 932 in
549 879 627 934 toto
656 879 692 934 et
722 871 756 934 in
784 871 875 935 omni
909 881 1005 954 parte
1038 873 1198 954 corporis,
1228 869 1307 936 ¹¹¹est
1336 873 1411 956 quia

299 965 494 1048 principium
514 965 605 1029 vitae
623 965 657 1028 in
675 967 787 1029 anima
805 967 951 1044 residet;
975 987 1052 1050 pars
1068 968 1216 1050 corporis
1232 969 1266 1030 in
1281 988 1347 1050 qua
1362 968 1413 1030 in·

299 1060 381 1124 time
400 1079 468 1122 non
487 1068 539 1123 est
558 1061 670 1124 anima
693 1079 761 1124 non
780 1061 872 1124 vivit.
918 1059 1031 1142 Quare
1053 1071 1106 1124 est
1125 1062 1203 1125 unio
1223 1063 1394 1144 reciproca
1406 1087 1421 1138 ,·

298 1163 334 1218 et
349 1153 428 1218 inde
440 1173 561 1236 corpus
576 1156 648 1236 agit
661 1155 705 1218 ab
717 1156 840 1230 anima,
854 1175 922 1218 non
936 1156 1048 1219 anima
1063 1175 1265 1239 percorpus.
1309 1153 1413 1237 Quic-

298 1249 378 1331 quid
397 1269 417 1311 a
436 1247 513 1312 Deo
531 1249 695 1332 procedit,
720 1259 772 1314 est
795 1250 923 1314 formae
942 1249 1119 1326 humanae,
1144 1251 1222 1334 quia
1245 1249 1338 1314 Deus
1360 1259 1413 1314 est

299 1341 377 1424 lpse
396 1342 532 1423 Homo;
555 1345 634 1408 inde
649 1345 811 1427 imprimis
827 1346 950 1421 anima,
967 1365 1053 1428 quae
1071 1354 1125 1409 est
1143 1345 1286 1429 primum
1305 1343 1413 1408 homi·

298 1455 359 1500 ms.

363 1528 445 1615 (49.)
477 1531 569 1597 Nihil
599 1535 809 1598 communius
838 1544 902 1611 est,
933 1535 967 1598 in
999 1535 1155 1598 universo
1184 1532 1280 1597 caelo
1312 1542 1348 1596 et
1380 1531 1414 1596 in

298 1625 455 1690 universo
485 1627 622 1704 mundo,
650 1649 751 1711 quam
782 1637 818 1692 ut
846 1647 948 1692 unum
979 1630 1022 1692 sit
1047 1630 1136 1692 intra
1166 1627 1415 1703 alterum-ita

297 1719 463 1798 intimum,
477 1723 634 1800 medium,
648 1733 683 1787 et
699 1733 982 1801 extremum-et
1001 1724 1091 1808 quod
1104 1724 1168 1787 tria
1186 1722 1244 1786 illa
1262 1741 1413 1786 commu-

297 1813 413 1878 nicent
430 1815 518 1880 inter
536 1837 583 1892 se,
600 1825 636 1881 et
651 1818 742 1900 quod
758 1819 807 1881 vis
824 1818 925 1882 medii
940 1827 976 1884 et
995 1819 1142 1882 extremi
1160 1817 1204 1881 sit
1222 1816 1266 1880 ab
1283 1816 1413 1880 intimo.

297 1905 399 1990 Quod
418 1910 482 1972 tria
497 1910 555 1974 illa
566 1912 645 1988 sint,
658 1931 761 1976 unum
777 1913 864 1976 intra
879 1912 1034 1988 alterum,
1048 1920 1185 1976 constat
1201 1910 1245 1974 ab
1259 1909 1414 1974 omnibus

297 2013 332 2066 et
347 2004 487 2088 singulis
503 2005 537 2068 in
553 2025 693 2088 corpore
709 2007 866 2070 humano.
912 2005 1045 2072 Circum
1061 2006 1234 2070 cerebrum
1250 2014 1328 2069 sunt
1344 2014 1413 2068 tres

296 2099 440 2174 tunicae,
457 2120 542 2182 quae
559 2110 724 2164 vocantur
742 2103 824 2165 dura
843 2112 962 2176 mater,
979 2103 1034 2186 pia
1049 2110 1168 2176 mater,
1185 2109 1220 2164 et
1236 2099 1413 2163 arachnoi-

296 2191 380 2272 dea;
403 2204 456 2258 est
479 2215 578 2278 super
600 2194 675 2258 illas
693 2197 853 2260 cranium.
898 2195 1032 2262 Circum
1056 2205 1167 2260 totum
1191 2214 1312 2275 corpus
1335 2203 1414 2258 sunt

296 2288 442 2364 tunicae,
471 2309 537 2352 una
565 2291 653 2352 intra
686 2290 840 2366 alteram,
870 2311 956 2374 quae
983 2289 1081 2353 simul
1106 2300 1271 2353 vocantur
1290 2285 1413 2352 ¹⁸¹cutis.

297 2381 430 2448 Circum
456 2383 641 2466 quamlibet
667 2385 825 2448 arteriam
851 2395 887 2448 et
910 2403 1031 2448 venam
1058 2394 1136 2446 sunt
1163 2393 1232 2447 tres
1259 2384 1413 2461 tunicae;

296 2477 449 2542 similiter
459 2479 583 2542 circum
595 2480 851 2562 unumquemvis
861 2478 1047 2542 musculum
1060 2489 1095 2542 et
1105 2477 1241 2556 fibram;
1261 2476 1414 2541 similiter

296 2572 421 2636 circum
443 2573 571 2655 reliqua
593 2573 647 2638 ibi.
703 2573 742 2637 In
764 2594 871 2656 regno
893 2573 1077 2656 vegetabili
1100 2572 1261 2636 similiter.
1318 2569 1412 2654 Quo-

296 2668 400 2732 modo
422 2667 480 2732 illa
509 2663 624 2732 ²⁸¹inter
646 2689 682 2732 se
713 2669 975 2744 communicant,
999 2678 1034 2733 et
1064 2668 1235 2750 quomodo
1257 2667 1412 2730 intimum

296 2762 401 2826 intrat
420 2763 577 2839 medium,
594 2773 630 2828 et
646 2765 793 2828 medium
810 2763 976 2838 ultimum,
993 2763 1205 2828 demonstrat
1221 2751 1413 2839 anatomia;

296 2867 363 2920 etc.
408 2857 492 2922 lnde
508 2868 604 2940 patet
620 2859 713 2941 quod
726 2859 834 2922 simile
853 2859 897 2922 sit
916 2877 991 2922 curn
1008 2857 1103 2936 luce;
1122 2858 1213 2940 quod
1232 2855 1413 2938 spiritualis

297 2949 368 3028 lux,
384 2971 470 3036 quae
488 2953 522 3017 in
538 2955 686 3016 essentia
701 2973 761 3016 sua
779 2964 832 3017 est
847 2954 982 3026 veritas,
999 2955 1089 3016 intus
1107 2953 1151 3016 sit
1170 2953 1202 3015 in
1222 2951 1296 3014 luce
1315 2961 1413 3014 natu·

296 3045 376 3110 rali:
394 3047 546 3112 similiter
562 3047 654 3111 calor
669 3048 860 3130 spiritualis,
874 3049 930 3130 qui
949 3049 982 3111 in
998 3049 1148 3112 essentia
1163 3067 1222 3111 sua
1238 3056 1290 3111 est
1306 3064 1412 3122 amor,

297 3135 358 3204 “lin
388 3141 501 3206 calore
530 3141 694 3220 naturali;
727 3162 787 3225 per
816 3141 964 3206 calorem
995 3142 1183 3205 naturalem
1213 3140 1415 3222 intelligitur

296 3254 392 3300 amor
407 3235 579 3314 naturalis,
592 3238 669 3320 quia
683 3257 778 3301 amor
793 3236 850 3301 ille
869 3236 979 3315 calet3
1002 3246 1037 3300 et
1053 3235 1106 3300 hic
1122 3235 1285 3317 integitur
1300 3233 1413 3299 calore

296 3331 499 3430 sanguinis..

362 3552 444 3638 (50.)
476 3553 600 3619 Omnia
617 3576 704 3639 quae
726 3555 908 3639 loquuntur
923 3556 966 3619 de
989 3553 1114 3638 Spiritu
1137 3551 1264 3618 Sancto
1287 3553 1413 3618 cadunt

297 3649 377 3714 dum
396 3649 543 3714 creditur
557 3651 648 3734 quod
667 3651 769 3713 homo
786 3669 854 3713 non
873 3651 917 3713 sit
936 3649 1030 3725 Vita,
1047 3649 1108 3712 sed
1126 3649 1229 3714 modo
1248 3669 1413 3730 organum

296 3745 398 3819 vitae,
418 3755 454 3808 et
473 3745 520 3808 sic
539 3745 630 3827 quod
649 3743 742 3806 Deus
758 3743 884 3826 jugiter
902 3745 946 3808 sit
965 3745 999 3806 in
1018 3743 1165 3817 homine.
1183 3753 1218 3806 et
1234 3739 1412 3816 ¹⁵¹conetur‚

296 3848 388 3921 agat,
406 3849 441 3902 et
460 3849 579 3921 urgeat
596 3849 633 3902 ut
652 3839 855 3920 recipiantur
871 3839 953 3902 talia
970 3859 1056 3922 quae
1075 3837 1256 3920 religionis,
1274 3838 1414 3919 proinde

296 3953 382 4016 quae
399 3933 584 4008 Ecclesiae,
601 3933 686 3998 caeli
705 3943 740 3997 et
759 3933 877 3997 salutis
894 3945 993 4013 sunt;
1017 3929 1145 4017 ¹⁰¹quare
1161 3932 1252 4015 quod
1271 3929 1414 4013 Spiritus

297 4025 441 4092 Sandlus
458 4027 603 4092 donetur
618 4037 677 4092 aut
692 4029 879 4100 amittatur.
896 4030 1024 4092 irritum
1039 4037 1103 4091 est.
1147 4025 1290 4109 Spiritus
1306 4023 1413 4088 Sanc·

296 4132 352 4187 tus
381 4122 470 4186 enim
500 4143 568 4185 non
597 4121 687 4186 aliud
717 4133 770 4186 est
800 4141 901 4206 quam
933 4123 1092 4186 Divinum
1122 4121 1309 4204 procedens
1339 4115 1410 4184 ¹²¹ex

297 4215 446 4280 Domino
468 4237 489 4279 a
511 4217 621 4292 Patre,
645 4227 680 4281 et
707 4217 772 4281 hoc
796 4217 955 4281 Divinum
978 4217 1057 4281 iacit
1083 4215 1228 4279 hominis
1250 4216 1355 4277 vitam
1378 4225 1414 4278 et

296 4331 430 4396 quoque
457 4310 527 4393 ejus
553 4309 764 4376 intelledlum
788 4322 822 4375 et
850 4331 1011 4386 amorem,
1039 4320 1074 4374 et
1101 4309 1196 4390 hujus
1223 4311 1414 4391 praesentia

296 4417 460 4490 perpetua
478 4416 541 4470 est.
588 4405 703 4471 Homo
722 4409 794 4470 sine
817 4406 1010 4490 praesentia
1033 4404 1170 4468 Domini
1193 4424 1252 4467 seu
1272 4402 1414 4486 Spiritus

296 4498 412 4565 Sancti
433 4521 502 4565 non
520 4501 606 4565 soret
626 4511 662 4565 ut
681 4501 847 4585 quaedam
866 4501 995 4580 bestia3
1019 4499 1078 4564 sed
1098 4500 1215 4563 elnon
1234 4498 1320 4561 soret
1339 4499 1414 4580 plus

296 4595 388 4661 vitae
406 4613 507 4680 quam
525 4595 598 4673 sali,
614 4594 726 4680 lapidi,
747 4606 878 4660 trunco.
922 4594 1032 4660 Causa
1047 4604 1111 4670 est,
1128 4595 1205 4678 quia
1223 4593 1326 4657 homo
1345 4611 1414 4656 non
