3338 5300
644 696 1020 748 annumero-uer.
1349 699 1392 766 29

270 869 394 952 angeli,
414 869 504 952 quod
527 866 651 933 sactum
674 877 727 934 est
750 867 936 934 intervallis
955 869 1157 937 vastationis
1178 879 1213 934 et
1232 889 1390 934 consum·

271 965 429 1028 metionis
447 963 634 1040 Ecclesiae,
654 983 722 1029 non
746 966 892 1046 potuerit
910 963 1023 1046 aliqua
1042 961 1197 1028 doctrina
1215 963 1391 1030 Ecclesiae

271 1078 291 1121 a
314 1058 462 1122 Domino
484 1079 544 1140 per
562 1059 693 1122 caelum
716 1059 760 1122 ad
783 1059 937 1125 hom'mes
958 1058 1088 1123 telluris
1107 1059 1236 1124 deferri.
1281 1059 1392 1124 Causa

271 1161 324 1216 est
336 1153 413 1234 quia
428 1152 532 1216 homo
547 1161 629 1218 tunc
645 1154 679 1216 in
694 1153 807 1217 medio
817 1163 1012 1218 satanarum
1029 1163 1094 1229 est,
1107 1165 1143 1216 et
1158 1163 1298 1220 satanae
1314 1175 1391 1218 cum

270 1247 337 1309 suis
350 1246 440 1310 falsis
453 1246 695 1312 circumvelant
707 1257 810 1329 caput
822 1247 903 1329 ejus,
916 1267 955 1312 ac
969 1247 1132 1329 inspirant
1140 1247 1288 1329 jucunda
1299 1247 1390 1324 mali,

270 1351 306 1406 et
335 1341 415 1404 inde
440 1361 584 1406 amoena
612 1341 696 1416 falsi,
724 1362 784 1424 per
809 1363 895 1424 quae
922 1342 1165 1406 obtenebratur
1190 1343 1300 1406 omnis
1330 1342 1390 1407 lux

269 1455 289 1497 e
316 1434 422 1508 caelo,
450 1455 489 1498 ac
517 1436 726 1518 intercipitur
752 1456 853 1500 omne
879 1435 1002 1518 volupe
1029 1446 1063 1499 et
1094 1455 1273 1500 amoenum
1300 1439 1390 1516 veri;

270 1529 429 1611 quamdiu
447 1530 501 1593 hic
517 1540 628 1594 status
644 1540 785 1613 perstat,
803 1549 871 1594 non
888 1541 1004 1612 potest
1020 1529 1132 1612 aliqua
1148 1528 1302 1595 doctrina
1321 1533 1390 1595 veri

270 1633 305 1686 et
323 1624 403 1687 boni
422 1645 441 1687 e
460 1623 555 1688 caelo
573 1624 700 1688 infundi
721 1624 860 1698 homini,
880 1625 957 1706 quia
975 1623 1177 1688 falsificatur.
1223 1625 1274 1689 At
1293 1637 1389 1708 post·

270 1737 369 1800 quam
392 1718 456 1781 hoc
479 1717 635 1782 velamen
658 1718 898 1800 complicatum
921 1739 966 1782 ex
992 1717 1094 1793 salsis,
1118 1739 1176 1782 seu
1199 1722 1389 1802 operimen-

269 1821 343 1876 tum
359 1813 479 1895 capitis
495 1833 515 1876 a
530 1813 668 1888 satanis,
685 1833 706 1876 a
724 1813 874 1878 Domino
889 1813 1058 1876 sublatum
1074 1823 1138 1888 est,
1155 1815 1246 1896 quod
1265 1813 1389 1880 sactum

268 1915 322 1970 est
345 1925 404 1990 per
422 1906 590 1971 Ultimum
612 1907 778 1988 Judicium
803 1905 861 1989 (de
884 1928 951 1989 quo
973 1928 1073 1989 supra
1095 1909 1128 1970 in
1151 1909 1295 1972 articulo
1317 1909 1388 1992 iv.),

268 2010 349 2064 tunc
365 2001 468 2064 fertur
483 2002 587 2066 homo
605 2002 721 2084 spiritu
737 2001 812 2083 plus
828 2001 934 2064 libero
952 2011 987 2064 et
1007 2012 1197 2084 spontaneo
1216 2004 1259 2065 ad
1276 2003 1387 2068 discu-

269 2096 421 2159 tiendum
440 2095 524 2158 salsa
546 2106 581 2159 et
604 2096 648 2158 ad
670 2096 898 2176 recipiendum
917 2115 1006 2158 vera.
1052 2095 1155 2178 Apud
1179 2096 1255 2160 illos
1274 2099 1329 2180 qui
1352 2119 1389 2163 se

267 2190 541 2264 accommodant,
561 2200 596 2254 et
619 2210 656 2253 se
678 2209 699 2253 a
723 2189 871 2260 Domino
889 2190 1063 2270 patiuntur
1081 2191 1167 2264 duci,
1188 2203 1308 2272 postea
1329 2193 1388 2256 de·

268 2283 394 2348 rivatur
415 2295 451 2348 et
478 2285 702 2348 introducitur
724 2281 878 2347 doctrina
901 2284 979 2347 novi
1002 2284 1097 2359 caeli,
1121 2296 1282 2366 quaeest
1305 2286 1387 2350 doc-

268 2379 356 2442 trina
382 2381 451 2444 veri
480 2391 515 2442 et
545 2379 634 2453 boni,
662 2379 748 2442 sicut
778 2397 833 2441 ros
862 2377 997 2442 diluculi
1027 2399 1046 2442 e
1075 2379 1171 2442 caelo
1200 2381 1233 2442 in
1263 2391 1387 2445 terram

268 2472 403 2548 cadens,
423 2473 479 2556 qui
501 2474 691 2555 graminum
709 2471 874 2535 folliculos
893 2473 1011 2554 aperit,
1031 2491 1070 2536 ac
1089 2492 1226 2537 succum
1245 2485 1386 2556 vegeta·

267 2565 369 2632 bilem
385 2585 500 2630 eorum
516 2565 711 2644 edulcorat;
735 2576 771 2630 et
789 2575 842 2630 est
858 2567 944 2630 sicut
961 2585 1039 2630 man
1054 2567 1146 2649 quod
1161 2568 1194 2630 in
1211 2570 1387 2634 matutinis

268 2661 405 2736 decidit,
424 2671 460 2724 et
479 2670 552 2726 erat
571 2661 644 2724 visu
1201 2679 1204 2686 ·

318 2817 336 2840 ‘⁸
346 2814 528 2942 Sicifflm
540 2813 674 2942 'cosripndri
691 2813 791 2874 album,
805 2823 832 2864 et
848 2821 929 2877 gustu
941 2813 1008 2864 sicut
1025 2814 1150 2878 placenta
1161 2815 1240 2865 melle
1252 2813 1387 2867 subacta”

433 2896 452 2928 x
483 2895 555 2930 ‚xvc
621 2893 628 2938 ;

267 3039 303 3094 et
324 3039 377 3094 est
400 3029 487 3092 sicut
510 3027 622 3111 pluvia
645 3029 849 3110 tempestiva
867 3049 953 3110 quae
972 3027 1106 3091 novalia
1124 3029 1196 3110 agri
1220 3029 1385 3095 refocillat

266 3135 302 3188 et
328 3124 516 3206 germinare
542 3122 641 3200 lacit;
676 3132 795 3204 estque
822 3123 908 3186 sicut
938 3121 1121 3204 fragrantia
1147 3123 1313 3187 exhalans
1339 3145 1384 3188 ex

266 3219 366 3300 agris,
374 3217 497 3290 nortis,
510 3225 545 3280 et
558 3217 685 3299 campis
698 3216 857 3289 floriferis,
870 3237 970 3299 quam
984 3214 1101 3300 pectus
1113 3218 1254 3281 attrahit
1267 3221 1384 3301 spiritu

265 3321 424 3394 prompto
446 3321 481 3374 et
506 3310 607 3374 laeto.
652 3309 703 3374 At
725 3330 830 3393 usque
849 3310 1015 3376 Dominus
1034 3313 1202 3375 neminem
1227 3314 1321 3394 cogit
1343 3335 1383 3378 ac

265 3407 407 3470 invitum
430 3406 547 3488 adigit,
567 3405 653 3469 sicut
672 3405 745 3488 quis
764 3405 953 3486 jumentum
974 3405 1106 3486 flagris;
1130 3407 1189 3470 sed
1209 3406 1382 3472 volentem

266 3501 418 3574 attrahit,
438 3510 473 3564 et
497 3509 616 3581 postea
639 3498 741 3572 ducit,
758 3497 883 3581 jugiter
906 3499 938 3562 in
962 3499 1053 3562 omni
1076 3501 1274 3582 apparentia
1297 3503 1383 3567 sicut

264 3595 383 3659 volens
403 3595 506 3658 homo
528 3595 653 3658 bonum
671 3603 790 3676 ageret
809 3604 844 3660 et
868 3589 1008 3658 verum¹'¹
1027 3595 1181 3658 crederet
1200 3616 1220 3658 a
1238 3615 1285 3669 se,
1305 3616 1382 3660 cum

264 3701 380 3754 tamen
406 3709 452 3753 ex
480 3689 638 3762 Domino,
662 3690 717 3771 qui
744 3707 845 3751 omne
871 3689 1052 3768 genuinum
1080 3689 1205 3752 bonum
1229 3691 1320 3754 vitae
1346 3701 1382 3755 et

264 3787 365 3848 omne
383 3783 565 3866 genuinum
584 3803 699 3846 verum
718 3781 795 3846 fidei
813 3783 847 3846 in
866 3781 925 3846 illo
944 3793 1112 3866 operatur.

322 4001 387 4053 οι.
415 3987 487 4062 (rii.)
511 3987 597 4057 Orod
616 3985 748 4049 virinum
768 3985 826 4048 hoc
847 4005 921 4066 oper
942 3986 1034 4050 uma!
1051 3985 1175 4050 dicatur
1197 3986 1381 4068 Redemptio,

262 4077 330 4142 aine
345 4097 405 4160 quc
419 4095 478 4140 non
492 4075 602 4158 eliquia
620 4075 706 4138 homo
723 4081 828 4157 ponet
846 4077 973 4152 salvari,
989 4076 1132 4160 quianon
1145 4077 1381 4158 regenerari-

264 4168 365 4251 Quod
398 4169 587 4252 redemptio
619 4165 707 4232 saera
739 4189 760 4232 a
792 4167 951 4245 Domino,
982 4188 1057 4234 cum
1087 4168 1147 4231 suit
1177 4169 1211 4230 in
1241 4169 1378 4244 mundo,

262 4264 360 4328 luerit
390 4263 580 4345 subjugatio
609 4263 824 4338 infernorum,
851 4265 1020 4328 ordinatio
1046 4263 1227 4338 caelorum,
1254 4274 1290 4327 et
1320 4284 1380 4346 per

262 4357 319 4421 illa
348 4359 561 4440 praeparatio
590 4359 633 4421 ad
666 4376 789 4422 novam
820 4357 1010 4422 Ecclesiam
1040 4357 1257 4440 spiritualem,
1285 4359 1379 4422 vide·

262 4462 338 4516 atur
366 4454 400 4516 in
433 4472 535 4535 opere
573 4451 659 4517 Vera
690 4451 890 4517 Christiana
918 4452 1048 4534 Religio
1079 4451 1127 4534 (n.
1161 4466 1313 4534 115-117,
1344 4463 1379 4517 et

262 4567 362 4629 porro
379 4566 400 4609 a
422 4566 454 4609 n.
479 4547 536 4610 118
555 4545 598 4610 ad
625 4545 710 4628 133).
754 4545 822 4610 Sed
845 4547 1005 4630 quiahoc
1029 4565 1153 4610 novum
1177 4556 1240 4620 est,
1260 4557 1295 4610 et
1319 4567 1379 4629 per

261 4640 396 4704 saecula
418 4642 504 4704 sicut
531 4641 625 4704 navis
652 4640 813 4723 naufraga
839 4660 914 4704 cum
941 4639 1097 4723 pretiosis
1123 4641 1189 4704 suis
1216 4641 1249 4704 in
1276 4640 1379 4705 fundo
