3352 5298
617 659 669 712 DE
691 659 795 712 NOVA
819 659 1094 714 HIEROSOLYMA

791 1089 900 1176 [vnn]

678 1341 751 1416 DE
786 1341 1018 1417 PIETATE.

292 1709 647 2044 mCREDITUR
668 1795 688 1839 a
711 1773 827 1839 multis
850 1773 941 1860 quod
960 1773 1031 1838 vita
1049 1772 1242 1858 spiritualis,
1262 1793 1322 1838 seu
1339 1771 1411 1838 vita

453 1887 540 1950 quae
550 1869 643 1933 ducit
656 1870 699 1934 ad
712 1869 855 1946 caelum,
867 1868 1035 1932 consistat
1047 1867 1080 1932 in
1093 1869 1233 1951 pietate,
1244 1869 1279 1932 in
1291 1865 1410 1932 sancto

454 1973 612 2038 externo,
629 1973 664 2028 et
683 1964 717 2027 in
735 1963 954 2026 abdicatione
971 1963 1106 2040 mundi;
1130 1963 1190 2026 sed
1206 1963 1317 2046 pietas
1332 1961 1410 2026 abs·

454 2077 519 2141 que
535 2057 716 2133 charitate,
729 2067 764 2120 et
781 2054 935 2144 sanetum
948 2067 1131 2140 externum
1147 2057 1275 2140 absque
1290 2053 1411 2120 sanao

292 2152 438 2229 interno,
459 2161 495 2218 et
524 2151 697 2216 abdicatio
719 2150 836 2214 mundi
859 2151 986 2234 absque
1008 2151 1081 2214 vita
1109 2151 1144 2214 in
1174 2149 1314 2226 mundo,
1342 2169 1410 2214 non

291 2245 419 2310 iaciunt
432 2247 539 2310 vitam
552 2245 761 2328 spiritualem
774 2266 781 2323 ;
805 2264 922 2308 verum
935 2245 1045 2327 pietas
1057 2265 1102 2308 ex
1115 2244 1297 2319 charitate,
1311 2263 1410 2308 sanc·

292 2349 366 2403 tum
382 2349 565 2404 externum
584 2360 629 2403 ex
650 2337 769 2404 sancto
788 2340 935 2415 interno,
952 2348 988 2404 et
1006 2339 1180 2403 abdicatio
1198 2339 1315 2402 mundi
1333 2357 1410 2402 cum

291 2435 363 2498 vita
381 2433 415 2498 in
434 2435 572 2511 mundo,
591 2433 729 2498 iaciunt.

350 2543 444 2613 124.
472 2529 586 2593 Pietas
607 2537 661 2593 est
683 2531 738 2612 pie
760 2530 916 2612 cogitare
938 2538 974 2594 et
996 2528 1100 2612 loqui,
1120 2529 1266 2594 multum
1287 2548 1410 2592 vacare

291 2621 457 2703 precibus,
482 2621 655 2685 humiliter
684 2641 721 2685 se
751 2631 832 2686 tunc
863 2641 993 2703 gerere,
1017 2619 1232 2706 frequentare
1265 2620 1407 2704 templa,

292 2724 328 2779 et
347 2716 391 2780 ibi
407 2717 679 2798 praedicationes
695 2716 821 2780 devote
837 2714 1040 2790 auscultare,
1057 2727 1093 2780 et
1109 2736 1211 2798 saepe
1227 2717 1411 2798 quotannis

291 2811 385 2875 obire
397 2809 657 2875 Sacramentum
671 2809 796 2885 Cenae,
808 2821 843 2875 et
856 2810 1011 2874 similiter
1024 2809 1153 2894 reliqua
1163 2810 1276 2874 cultus
1288 2829 1410 2874 secun-

291 2905 372 2968 dum
399 2904 564 2969 ecclesiae
591 2915 733 2969 statuta.
779 2904 863 2968 Vita
893 2915 1008 2968 autem
1036 2905 1213 2969 charitatis
1240 2913 1293 2969 est
1323 2903 1410 2972 bene

199 3031 201 3039 ·
291 2997 381 3062 velle
396 3009 432 3063 et
448 2997 660 3062 benefacere
677 2999 845 3082 proximo,
863 3000 897 3062 in
912 2999 1005 3064 omni
1021 3019 1123 3082 opere
1139 3017 1242 3082 agere
1258 3019 1304 3063 ex
1316 2997 1410 3080 justo

291 3102 327 3156 et
350 3113 470 3174 aequo,
495 3113 540 3156 ex
567 3092 659 3156 bono
686 3103 721 3156 et
751 3113 843 3168 vero,
868 3093 1023 3157 similiter
1045 3095 1079 3156 in
1102 3095 1195 3157 omni
1217 3091 1408 3173 functione;

290 3187 407 3266 verbo,
431 3188 502 3250 vita
524 3186 702 3250 charitatis
725 3187 883 3251 consistit
906 3187 939 3250 in
963 3187 1076 3250 usibus
1099 3187 1325 3270 praestandis.
1370 3188 1409 3252 In

291 3279 355 3344 hac
382 3282 454 3345 vita
476 3281 635 3364 primario
658 3281 816 3345 consistit
839 3281 952 3346 cultus
975 3281 1129 3358 Divinus,
1152 3283 1186 3346 in
1213 3281 1272 3346 illa
1293 3293 1409 3347 autem

291 3377 501 3439 secundario.
533 3373 751 3458 Quapropter
760 3377 815 3458 qui
829 3387 965 3458 separat
978 3396 1080 3440 unam
1089 3377 1133 3440 ab
1143 3375 1263 3452 altera,
1274 3397 1408 3460 nempe,

291 3471 347 3552 qui
366 3471 472 3533 vitam
492 3470 630 3552 pietatis
648 3471 732 3552 agit,
750 3480 785 3534 et
804 3490 872 3534 non
891 3469 990 3534 simul
1008 3471 1114 3533 vitam
1133 3469 1323 3547 charitatis,
1341 3493 1410 3536 non

291 3564 375 3628 colit
394 3563 514 3628 Deum.
560 3563 701 3646 Cogitat
720 3565 856 3648 quidem
875 3565 918 3629 de
938 3565 1025 3639 Deo,
1045 3585 1161 3628 verum
1180 3585 1249 3629 non
1269 3587 1315 3630 ex
1335 3567 1411 3632 Deo

290 3659 352 3723 sed
370 3680 415 3722 ex
435 3679 482 3735 se,
500 3678 579 3722 nam
598 3660 641 3722 de
657 3679 694 3722 se
710 3660 843 3741 cogitat
859 3657 997 3741 jugiter,
1014 3669 1051 3723 et
1070 3659 1153 3722 nihil
1169 3660 1212 3724 de
1231 3662 1409 3742 proximo;

291 3762 327 3818 et
356 3753 385 3816 si
411 3753 454 3817 de
477 3754 644 3835 proximo,
669 3773 746 3819 eum
770 3753 948 3836 vilipendit
972 3754 999 3816 si
1022 3773 1091 3816 non
1113 3754 1218 3817 etiam
1241 3755 1321 3819 talis
1343 3757 1409 3819 sit:

290 3856 327 3911 et
343 3867 476 3930 quoque
492 3849 624 3930 cogitat
641 3848 684 3912 de
700 3847 797 3911 caelo
809 3859 846 3912 ut
864 3849 1042 3925 mercede;
1066 3849 1145 3912 inde
1160 3848 1194 3911 in
1210 3849 1325 3914 animo
1340 3849 1411 3932 ejus

291 3951 345 4006 est
372 3943 540 4018 meritum,
565 3952 600 4005 et
627 3962 760 4025 quoque
783 3961 879 4006 amor
901 3943 961 4017 sui,
982 3952 1019 4006 ut
1046 3952 1082 4005 et
1109 3951 1329 4025 contemptus
1351 3953 1412 4008 aut

291 4033 469 4119 negleftus
488 4056 617 4112 usuum,
638 4047 674 4100 et
697 4037 744 4099 sic
768 4035 926 4118 proximi,
946 4045 982 4100 et
1006 4035 1104 4098 simul
1123 4046 1177 4100 est
1200 4035 1284 4101 fides
1302 4038 1410 4102 incul-

290 4131 372 4214 pati.
418 4129 503 4194 Inde
522 4140 682 4194 constare
701 4140 828 4213 potest,
849 4131 939 4214 quod
959 4133 1098 4214 pietatis
1120 4132 1192 4195 vita
1209 4142 1368 4214 separata
1390 4153 1411 4196 a

289 4225 468 4288 charitatis
491 4227 563 4288 vita
594 4245 662 4289 non
686 4227 730 4289 sit
753 4223 832 4289 vita'
847 4225 1041 4307 spiritualis,
1062 4246 1148 4309 quae
1171 4227 1235 4290 erit
1257 4227 1290 4289 in
1314 4227 1410 4292 cultu

291 4319 426 4383 Divino.
473 4318 611 4403 (Confer
627 4319 752 4384 Mattio.
769 4321 811 4383 vi.
828 4335 858 4402 7,
876 4319 922 4404 8.)

349 4425 440 4495 12³·
469 4409 632 4476 Sandtum
655 4421 838 4475 externum
862 4421 916 4476 est
937 4410 1048 4474 simile
1070 4412 1127 4494 pio
1149 4411 1288 4490 tali,¹¹¹et
1311 4432 1410 4495 prae·

290 4504 388 4586 cipue
411 4504 569 4568 consistit
600 4505 633 4566 in
664 4523 716 4580 eo,
740 4503 831 4588 quod
857 4504 961 4568 homo
988 4513 1094 4586 ponat
1117 4523 1254 4568 omnem
1277 4504 1408 4569 cultum

290 4597 450 4662 Divinum
479 4599 513 4662 in
543 4595 662 4662 santio
692 4617 769 4662 cum
799 4607 852 4664 est
881 4599 914 4662 in
942 4599 1100 4682 templis;
1131 4598 1192 4663 sed
1221 4597 1287 4664 hoc
1318 4599 1408 4682 apud
