3282 5294
638 689 690 742 ou
711 687 942 742 cimmo-mu.
1310 693 1356 772 33

229 863 292 929 nisi
314 869 481 946 perpetuo
497 858 600 924 saciat
621 859 748 923 bonum
764 878 843 922 usus
858 879 903 922 ex
926 854 1103 923 affectione
1119 866 1156 924 et
1180 856 1278 944 [ejus]
1298 857 1352 943 ju·

227 957 360 1036 cund03
386 975 489 1038 quare
505 955 585 1018 dum
608 953 712 1017 homo
733 953 875 1028 sincere,
887 951 989 1034 juste,
1005 950 1151 1017 fideliter
1165 955 1239 1036 agit
1256 974 1351 1036 opus,

228 1052 319 1136 quod
331 1050 401 1132 ejus
411 1049 512 1113 officii
523 1058 582 1112 aut
592 1047 738 1111 muneris
750 1056 815 1123 est,
825 1067 871 1110 ex
880 1043 1057 1110 affectione
1067 1055 1103 1110 et
1111 1045 1260 1129 jucundo
1270 1048 1351 1131 ejus,

228 1157 283 1210 est
305 1145 486 1209 continuus
508 1144 541 1206 in
564 1142 656 1206 bono
678 1161 767 1216 usus,
784 1159 854 1204 non
876 1142 979 1206 modo
999 1161 1082 1222 erga
1097 1160 1277 1207 commune
1293 1163 1353 1208 seu

227 1239 398 1323 publicum
407 1237 578 1302 sedetiam
586 1257 668 1318 erga
675 1235 894 1318 particulares
903 1245 939 1299 et
950 1235 1100 1316 privatos
1112 1257 1120 1314 ;
1136 1236 1197 1300 sed
1208 1237 1273 1300 hoc
1283 1257 1352 1302 non

226 1343 344 1418 potest
360 1333 423 1396 nisi
438 1329 570 1414 spediet
586 1331 629 1394 ad
646 1330 830 1394 Dominum
845 1339 881 1394 et
896 1330 1002 1412 fugiat
1023 1329 1113 1394 mala
1128 1339 1165 1394 ut
1188 1341 1351 1412 peccata;

227 1447 317 1504 nam,
335 1438 371 1491 ut
387 1447 490 1509 supra
502 1435 677 1490 ostensum
693 1435 758 1500 est,
775 1426 918 1506 primum
935 1423 1110 1488 charitatis
1125 1435 1179 1489 est
1197 1423 1351 1508 spediare

226 1521 270 1587 ad
283 1523 467 1586 Domihum
479 1530 515 1584 et
527 1520 642 1602 fugere
652 1518 742 1583 mala
754 1529 791 1582 ut
804 1527 946 1600 peccata
960 1517 1007 1601 (n.
1016 1518 1073 1602 -)
1088 1539 1096 1598 ;
1117 1530 1153 1583 et
1165 1521 1352 1586 secundum

227 1615 404 1681 charitatis
426 1625 479 1678 est
502 1614 612 1678 iacere
635 1614 745 1692 bona;
775 1623 810 1678 et
833 1613 924 1677 bona
945 1633 1031 1697 quae
1053 1613 1134 1678 iacit
1155 1626 1236 1679 sunt
1261 1615 1352 1680 bona

228 1731 316 1786 usus,
330 1731 416 1793 quae
427 1709 507 1774 iacit
520 1709 638 1791 quovis
650 1709 703 1772 die
716 1729 724 1787 ;
747 1718 783 1772 et
795 1708 875 1771 dum
888 1727 956 1771 non
969 1708 1060 1784 iacit,
1073 1709 1205 1790 cogitat
1220 1708 1350 1790 facere,

227 1817 280 1870 est
296 1806 435 1869 interior
450 1801 583 1868 affectio
598 1823 684 1885 quae
700 1813 818 1866 manet
840 1804 989 1877 interius
1006 1813 1042 1866 et
1064 1803 1235 1868 desiderat
1258 1803 1350 1868 illud.

227 1901 312 1965 Inde
327 1909 392 1974 est,
408 1898 501 1981 quod
522 1907 687 1980 perpetuo
702 1898 746 1960 sit
768 1897 802 1960 in
824 1897 916 1962 bono
938 1917 1026 1972 usus,
1050 1917 1071 1960 a
1092 1917 1192 1961 mane
1214 1899 1258 1962 ad
1274 1919 1351 1964 ves·

227 2013 355 2078 peram,
378 1995 422 2057 ab
444 2011 534 2056 anno
556 1993 590 2056 in
613 2011 749 2066 annum,
773 1991 817 2055 ab
839 1993 947 2073 prima
968 2001 1083 2056 aetate
1105 1992 1149 2056 ad
1176 1991 1278 2058 finem
1300 1995 1350 2058 vi·

226 2099 293 2154 tae.
339 2087 453 2151 Aliter
471 2107 540 2151 non
562 2095 679 2168 potest
702 2084 772 2150 fieri
795 2085 971 2150 charitatis
993 2087 1110 2164 forma,
1134 2087 1200 2152 hoc
1223 2097 1277 2154 est
1300 2110 1351 2154 re·

226 2181 452 2266 ceptaculum.
467 2193 471 2202 '

290 2277 390 2340 Nunc
412 2277 543 2340 dicetur
558 2275 601 2339 de
617 2274 784 2339 charitate
799 2275 888 2357 apud
912 2273 1145 2352 Sacerdotem,
1161 2277 1251 2359 apud
1274 2277 1350 2342 Ma·

227 2373 419 2456 gistratum,
436 2381 472 2436 et
495 2370 584 2452 apud
600 2369 777 2435 officiarios
793 2370 856 2432 sub
878 2369 953 2446 iilis,
970 2371 1059 2451 apud
1080 2369 1243 2452 judicem,
1260 2371 1350 2454 apud

228 2467 359 2531 Ducem
382 2465 564 2541 exercitus,
581 2473 617 2528 et
639 2464 729 2545 apud
752 2463 941 2546 praefectos
963 2465 1026 2528 sub
1047 2463 1123 2540 illis,
1140 2465 1244 2529 etiam
1259 2466 1350 2549 apud

227 2561 370 2626 militem
396 2560 599 2642 gregarium,
626 2558 715 2640 apud
743 2559 1005 2641 negotiatorem,
1033 2559 1122 2640 apud
1148 2561 1348 2641 operarium,

107 2724 113 2740 ,
226 2655 316 2738 apud
332 2653 501 2730 colonum,
516 2653 607 2736 apud
623 2651 818 2717 nauclerum
833 2663 870 2718 et
885 2662 1035 2730 nautam,
1052 2653 1142 2735 apud
1156 2651 1309 2720 famulos.

229 2867 281 2938 [1.]
307 2867 427 2922 mmm·
438 2867 509 2936 opud
524 2867 695 2920 &carcerom

289 2999 326 3066 Si
337 2997 471 3083 spefitat
487 2999 531 3064 ad
547 2999 731 3064 Dominum
747 3009 782 3064 et
798 2999 883 3083 sugit
896 2999 986 3065 mala
1001 3009 1038 3066 ut
1054 3012 1207 3084 peccata,
1220 3003 1348 3070 etfacit

227 3096 368 3171 sincere,
383 3094 474 3176 juste
486 3104 522 3158 et
537 3092 682 3157 fideliter
694 3113 779 3176 opus
795 3096 969 3159 ministerii
984 3097 1014 3160 ei
1030 3094 1177 3178 injuncti,
1190 3097 1271 3164 facit
1286 3099 1348 3163 bo-

227 3210 308 3255 num
324 3210 403 3252 usus
418 3189 588 3264 continue,
605 3198 641 3251 et
663 3186 700 3252 fit
716 3187 864 3252 charitas
878 3190 912 3252 in
928 3189 1044 3254 forma.
1088 3189 1157 3256 Sed
1172 3201 1253 3257 tunc
1269 3193 1350 3260 sacit

226 3285 353 3350 bonum
377 3303 455 3346 usus
478 3303 538 3346 seu
552 3303 637 3364 opus
660 3283 835 3346 ministerii
856 3283 997 3360 sincere,
1016 3283 1106 3366 juste
1129 3295 1165 3350 et
1193 3284 1348 3364 fideliter,

227 3379 307 3442 dum
320 3375 424 3441 afficit
440 3375 534 3440 illum
546 3375 636 3440 salus
651 3377 857 3455 animarum;
873 3387 909 3442 et
925 3378 1011 3442 sicut
1027 3379 1110 3444 haec
1123 3379 1228 3446 aflicit
1243 3381 1348 3460 illum,

228 3473 277 3536 ita
291 3470 443 3534 afficiunt
466 3469 559 3534 illum
575 3490 665 3546 vera,
683 3471 760 3553 quia
781 3490 841 3552 per
855 3469 914 3535 illa
935 3471 1037 3538 ducet
1059 3475 1189 3538 animas
1204 3475 1248 3540 ad
1270 3496 1349 3542 coe·

228 3565 318 3644 lum;
335 3575 371 3629 et
394 3575 475 3629 tunc
499 3565 592 3629 ducit
615 3566 744 3628 animas
760 3584 819 3646 per
834 3586 914 3628 vera
929 3565 973 3630 ad
995 3566 1139 3643 coelum,
1156 3588 1233 3632 cum
1255 3569 1350 3635 ducit

229 3659 304 3724 illas
319 3659 362 3723 ad
387 3658 581 3722 Dominum.
625 3657 736 3722 Amor
751 3657 822 3740 ejus
844 3667 925 3722 tunc
943 3669 997 3724 est
1013 3660 1132 3725 sedulo
1147 3661 1270 3726 docere
1292 3663 1351 3728 ilia

228 3774 273 3818 ex
290 3751 418 3829 Verbo,
434 3753 512 3836 quia
526 3753 606 3816 dum
622 3753 725 3817 docet
747 3751 805 3816 illa
819 3773 865 3816 ex
881 3752 997 3818 Verbo
1013 3755 1115 3819 docet
1137 3754 1196 3820 ilia
1209 3777 1255 3820 ex
1277 3757 1350 3820 Do·

230 3849 331 3912 mino.
377 3846 543 3911 Dominus
559 3847 648 3910 enim
665 3866 733 3910 non
756 3846 859 3911 modo
875 3857 928 3911 est
944 3847 1096 3912 Verbum
1115 3847 1211 3932 (Joh.
1227 3849 1258 3926 i.,
1279 3867 1306 3927 1,
1319 3867 1349 3928 2,

233 3941 298 4024 14),
322 3941 382 4006 sed
404 3942 509 4005 etiam
532 3951 585 4004 est
607 3939 684 4018 Via,
700 3939 838 4005 Veritas
860 3951 896 4005 et
918 3941 1003 4006 Vita
1027 3941 1134 4026 (Joh,
1150 3945 1231 4020 xiv,
1247 3943 1295 4027 6),
1314 3954 1350 4010 et

162 4099 165 4106 ,
230 4048 284 4101 est
297 4035 425 4118 Janua;
448 4055 549 4116 quare
573 4035 627 4116 qui
651 4054 710 4116 per
726 4033 909 4099 Dominum
928 4045 965 4100 ut
983 4035 1120 4117 januam
1136 4038 1180 4100 ad
1195 4038 1283 4102 ovile
1299 4039 1350 4102 in·
1394 4045 1396 4050 '

230 4139 311 4204 trat,
327 4137 381 4192 est
399 4138 515 4212 pastor
530 4129 658 4206 bonus;
681 4137 718 4192 at
734 4129 789 4212 qui
805 4148 873 4192 non
889 4149 949 4212 per
965 4129 1148 4196 Dominum
1164 4141 1201 4196 ut
1213 4131 1350 4214 januam

231 4223 273 4287 ad
289 4221 378 4286 ovile
394 4223 510 4298 intrat,
526 4223 554 4286 is
570 4233 623 4286 cst
641 4231 759 4306 pastor
774 4221 893 4300 malus,
910 4225 966 4307 qui
981 4234 1122 4290 vocatur
1137 4225 1187 4290 sur
1202 4235 1239 4290 et
1261 4225 1351 4290 latro

233 4315 341 4400 (Μ,
357 4337 404 4393 x..
424 4315 509 4399 Η»

234 4511 290 4580 [2.]
317 4511 518 4580 cimimcopud
531 4511 709 4580 Uogiotmtuc.

296 4643 359 4708 Per
383 4643 602 4726 magistratus
627 4643 863 4728 intelliguntur
883 4645 1030 4728 supremi
1055 4645 1089 4709 in
1115 4644 1255 4728 Regnis,
1281 4643 1351 4710 Re·
