3338 5300
754 683 926 739 conotus

651 1235 797 1289 LEMMA
819 1238 1036 1290 SECUNDUM.

284 1447 356 1521 DE
391 1447 646 1522 ECCLESIA
681 1446 945 1528 ΑΒΑΜῙΕΑ,
982 1445 1083 1520 SEU
1120 1447 1397 1544 ANTIQUIS·

525 1567 656 1641 SIMA
685 1565 857 1662 HUJUS
883 1565 1160 1642 TELLURIS.

346 1999 414 2066 23.
444 1983 591 2046 Mundus
614 1979 777 2048 hactenus
800 1982 943 2047 credidit
966 1983 1056 2066 quod
1079 2003 1138 2065 per
1162 1983 1397 2048 “creationem

283 2077 367 2142 caeli
390 2087 425 2141 et
448 2089 557 2142 terrae
565 2077 581 2102 ’⁹
599 2078 632 2141 in
656 2078 763 2161 primo
785 2078 897 2158 capite
918 2075 1075 2142 Geneseos
1097 2076 1308 2159 intelligatur
1324 2097 1397 2142 cre·

282 2173 353 2236 atio
371 2173 525 2248 universi,
545 2173 729 2235 secundum
749 2171 901 2248 literam;
927 2181 963 2236 et
982 2172 1071 2254 quod
1090 2191 1149 2252 per
1168 2170 1424 2262 “Adamum,”‚

283 2269 407 2349 primus
436 2267 539 2330 homo
568 2265 663 2346 hujus
692 2265 830 2329 telluris.
892 2264 1038 2328 Mundus
1068 2286 1130 2328 nec
1163 2268 1273 2348 potuit
1300 2267 1399 2332 aliter

283 2363 430 2436 credere,
450 2363 607 2444 quoniam
630 2359 812 2442 spiritualis
834 2370 870 2422 et
892 2361 1043 2423 internus
1067 2379 1185 2424 sensus
1204 2359 1309 2424 Verbi
1331 2361 1395 2424 huc

282 2476 387 2538 usque
406 2474 472 2519 non
492 2451 647 2518 detectus
665 2453 748 2531 suit;
772 2455 819 2518 ita
838 2472 900 2517 nec
919 2453 1009 2536 quod
1033 2473 1091 2536 per
1109 2459 1250 2517 “creare
1266 2453 1397 2518 caelum

282 2559 318 2614 et
339 2549 486 2613 terram”
505 2547 714 2630 intelligatur
735 2569 780 2610 ex
804 2545 924 2611 functis
944 2550 1013 2610 vita
1035 2549 1068 2610 in
1092 2547 1218 2612 mundo
1236 2548 1397 2630 colligere

283 2653 317 2708 et
336 2643 482 2708 condere
501 2641 631 2706 caelum
650 2642 852 2724 angelicum,
872 2653 907 2704 et
931 2661 989 2724 per
1007 2643 1071 2704 hoc
1091 2642 1242 2706 derivare
1261 2653 1297 2707 et
1320 2663 1396 2725 pro·

282 2739 404 2802 ducere
423 2737 611 2800 Ecclesiam
635 2738 668 2798 in
691 2737 789 2800 terris
814 2734 866 2816 (ut
889 2755 1000 2817 supra,
1020 2755 1051 2797 n.
1079 2735 1215 2817 18-20);
1248 2747 1284 2800 et
1307 2737 1396 2820 quod

282 2851 341 2914 per
371 2831 507 2894 nomina
536 2849 764 2911 personarum,
792 2830 956 2910 gentium,
984 2829 1160 2911 regionum
1189 2839 1225 2894 et
1256 2831 1394 2906 urbium,

281 2925 516 3006 intelligantur
538 2923 619 2988 talia
637 2944 722 3006 quae
741 2923 825 2986 caeli
848 2933 883 2986 et
906 2923 1003 2986 simul
1026 2923 1201 2986 Ecclesiae
1219 2935 1318 3003 sunt;
1350 2926 1397 2990 ita

282 3019 501 3083 consimiliter
527 3037 585 3100 per
613 3017 842 3080 “Adamum.”
887 3015 987 3098 Quod
1018 3037 1077 3098 per
1105 3017 1336 3092 “Adamum,”
1361 3029 1396 3083 et

282 3134 341 3196 per
359 3114 472 3177 omnia
490 3131 575 3195 quae
593 3112 636 3174 de
655 3111 713 3175 illo
731 3121 767 3175 et
786 3111 854 3192 ejus
873 3113 1073 3193 posteritate
1092 3113 1125 3176 in
1144 3113 1258 3193 primis
1276 3113 1396 3194 capiti·

281 3209 343 3270 bus
372 3205 528 3270 Geneseos
554 3205 1055 3286 praedicantur,'describantur
1082 3215 1191 3268 status
1217 3207 1397 3270 successivi

283 3299 458 3364 Ecclesiae
484 3298 761 3380 Antiquissimae,
789 3299 844 3381 qui
874 3310 951 3362 sunt
982 3297 1051 3379 ejus
1077 3309 1171 3362 ortus
1200 3317 1259 3362 seu
1286 3319 1395 3376 mane,

281 3393 350 3475 ejus
369 3394 559 3476 progressio
581 3394 614 3455 in
639 3392 747 3456 lucem
766 3413 824 3456 seu
843 3393 925 3466 dies,
945 3391 1014 3474 ejus
1033 3391 1215 3454 declinatio
1238 3413 1298 3456 seu
1319 3413 1395 3458 ves·

282 3509 371 3572 pera,
395 3487 464 3568 ejus
490 3485 563 3548 finis
590 3507 649 3550 seu
675 3507 756 3561 nox,
781 3497 816 3550 et
843 3498 920 3569 post
947 3487 1033 3548 hanc
1061 3486 1214 3548 ultimum
1237 3485 1395 3566 judicium

281 3603 381 3665 super
403 3581 489 3655 illos,
514 3591 548 3644 et
572 3591 649 3662 post
677 3581 740 3644 hoc
764 3577 835 3644 exl¹¹
859 3579 1011 3643 fidelibus
1035 3599 1159 3642 novum
1181 3579 1311 3643 caelum
1334 3601 1394 3644 an-

280 3677 436 3759 gelicum,
471 3685 505 3739 et
539 3695 583 3738 ex
620 3673 807 3738 infidelibus
845 3694 968 3738 novum
1004 3673 1177 3748 infernum,
1211 3676 1394 3738 secundum

280 3772 400 3834 seriem
426 3770 698 3854 progressionum
729 3771 761 3832 in
792 3769 1017 3851 praecedente
1044 3767 1204 3830 lemmate
1230 3769 1394 3850 explana·

280 3874 363 3940 tam,
386 3864 430 3926 ad
458 3883 603 3944 unguem
627 3862 810 3945 explicata,
833 3861 971 3926 evoluta
997 3872 1032 3925 et
1060 3862 1294 3924 demonstrata
1315 3873 1394 3927 sunt

280 3959 314 4021 in
345 3957 493 4021 Arcamo
528 3955 733 4021 caelestibus
764 3977 864 4038 super
898 3954 1036 4019 Genesin
1069 3966 1104 4018 et
1137 3953 1301 4029 Exodum,
1335 3975 1394 4038 per

280 4049 474 4116 octennium
486 4049 700 4126 elucubratis,
713 4071 751 4115 ac
765 4049 910 4114 Londini
923 4051 1020 4112 editis
1034 4071 1040 4126 ;
1064 4070 1149 4131 quae
1162 4049 1238 4132 quia
1253 4059 1393 4112 exstant

280 4147 312 4210 in
333 4145 468 4220 mundo,
486 4165 554 4207 non
573 4142 666 4226 plure
685 4165 768 4226 opus
787 4155 839 4208 est
855 4162 955 4227 quam
975 4155 1011 4206 ut
1030 4144 1154 4206 exinde
1170 4142 1393 4225 recapitulen-

281 4251 335 4304 tur
350 4238 550 4302 universalia
568 4259 652 4321 quae
675 4239 706 4300 in
728 4239 792 4302 hoc
811 4237 981 4301 volumine
1000 4239 1042 4301 de
1066 4237 1311 4319 Antiquissima
1330 4237 1391 4301 hac

280 4333 435 4398 Ecclesia
458 4331 675 4415 proferentur.
721 4333 759 4395 ln
784 4332 896 4396 limine
918 4343 1032 4396 autem
1051 4333 1261 4395 adducentur
1283 4331 1392 4414 aliqua

280 4429 357 4492 loca
382 4447 401 4490 e
424 4426 550 4501 Verbo,
575 4447 633 4508 per
659 4447 744 4510 quae
767 4427 940 4489 evincetur
963 4427 1052 4508 quod
1079 4445 1138 4507 per
1162 4431 1302 4488 “creare
1311 4424 1326 4448 ”
1348 4425 1391 4488 ibi

278 4517 484 4602 significetur
509 4539 528 4582 e
555 4539 644 4583 novo
667 4521 861 4603 producere,
886 4530 921 4583 et
943 4508 1103 4593 formares
1119 4538 1158 4581 ac
1186 4519 1318 4600 proprie
1340 4537 1392 4580 re·

278 4633 460 4695 generare;
484 4632 569 4695 quae
588 4635 689 4678 causa
710 4624 763 4678 est
782 4610 900 4697 quod¹¹¹
918 4614 1130 4695 regeneratio
1148 4622 1287 4676 vocetur
1306 4631 1393 4675 nova
