3338 5300
307 671 347 753 56
776 687 949 742 cosmus,

304 853 458 927 Argenteo
478 853 563 909 Aevo
576 855 722 917 vixerunt,
737 854 793 910 fuit
812 855 1010 928 intelligentia
1027 872 1064 911 ex
1076 857 1251 912 veritatibus
1263 857 1422 930 spirituali·

304 927 359 980 bus
372 937 403 980 et
416 926 486 980 inde
499 927 697 989 naturalibus;
716 927 811 981 simile
825 927 905 981 enim
918 925 1066 998 significat
1078 928 1252 1000 argentum!

357 1004 372 1025 ⁴⁸
382 995 415 1050 In
431 997 638 1065 perlustrando
649 997 751 1052 urbem
765 997 895 1052 vidimus
915 997 963 1052 hic
977 1009 1007 1051 et
1027 998 1066 1052 ibi
1077 1007 1241 1062 consortes,
1254 1008 1319 1052 tum
1334 999 1422 1054 mari-

303 1077 351 1122 tos
364 1077 395 1121 et
408 1083 525 1122 uxores.
564 1066 817 1138 Exspedlavimus,
829 1078 863 1122 ut
876 1068 983 1122 alicubi
998 1069 1207 1132 invitaremur;
1232 1080 1262 1124 et
1280 1085 1349 1124 cum
1363 1069 1421 1124 boc

303 1139 333 1191 in
356 1137 458 1192 animo
479 1148 551 1199 erat,
572 1139 785 1192 revocabamur
803 1155 820 1192 a
842 1139 960 1193 duobus
980 1140 1009 1192 in
1029 1140 1163 1201 domum,
1182 1155 1217 1194 ac
1237 1139 1420 1195 intravimus.

305 1209 343 1262 Et
361 1209 484 1278 angelus
504 1225 558 1280 pro
578 1225 625 1262 me
647 1209 765 1264 locutus
784 1225 851 1263 cum
873 1209 931 1264 illis
949 1211 1066 1278 aperuit
1085 1225 1205 1264 causam
1224 1211 1371 1264 adventus
1391 1211 1420 1263 in

302 1280 361 1334 hoc
379 1280 502 1341 caelum,
523 1281 604 1348 quod
627 1289 705 1334 esset
725 1288 861 1350 'propter
879 1279 1105 1335 instruclionem
1126 1281 1164 1336 de
1186 1281 1319 1335 moribus
1340 1281 1419 1352 apud

302 1351 365 1404 anti
389 1365 443 1404 uos
457 1365 473 1403 e
487 1350 596 1420 quibus
610 1350 700 1404 estis!
860 1379 862 1382 ·

356 1428 371 1449 ¹¹
405 1431 418 1474 t
432 1421 658 1490 responderunt,
672 1419 751 1475 ‘Nos
764 1419 875 1475 luimus
887 1437 923 1475 ex
943 1421 1061 1491 populis
1081 1421 1110 1474 in
1126 1421 1215 1484 Asia:
1239 1437 1274 1476 ac
1287 1422 1419 1476 studium

302 1501 421 1546 nostrae
434 1491 541 1545 aetatis
560 1490 617 1545 luit
635 1492 767 1546 studium
781 1491 950 1553 veritatum,
965 1507 1017 1561 per
1035 1507 1109 1562 quas
1129 1493 1215 1546 nobis
1234 1491 1292 1546 luit
1311 1493 1419 1548 intelli·

301 1562 411 1632 gentia.
451 1561 519 1616 Hoc
540 1563 673 1616 studium
693 1561 790 1616 luerat
809 1562 925 1616 animae
947 1572 978 1616 et
1001 1562 1111 1616 mentis
1130 1573 1251 1618 nostrae
1269 1564 1418 1625 studium

301 1633 354 1686 sed
377 1632 510 1687 studium
533 1648 674 1686 sensuum
697 1648 856 1702 corporum
880 1643 1050 1686 nostrorum
1076 1632 1194 1687 fuerant
1218 1644 1419 1704 repraesenta·

301 1703 399 1758 tiones
418 1703 577 1757 veritatum
599 1703 628 1756 in
647 1702 751 1757 lormis
772 1703 971 1764 naturalibus;
994 1719 1029 1757 ac
1047 1703 1171 1758 scientia
1185 1704 1419 1774 corresponden-

300 1774 408 1826 tiarum
420 1774 577 1843 conjunxit
586 1774 735 1828 sensualia
744 1787 902 1843 corporum
915 1783 1084 1828 nostrorum
1095 1789 1164 1827 cum
1176 1774 1418 1844 perceptionibus

301 1845 446 1898 mentium
460 1855 637 1907 nostrarum,
652 1845 694 1898 ita
707 1845 854 1898 naturalia
869 1855 900 1898 et
912 1845 1078 1914 corporalia
1090 1861 1159 1898 cum
1173 1845 1376 1915 spiritualibus
1388 1857 1419 1899 et

300 1915 485 1975 caelestibus,
495 1925 525 1968 et
535 1915 705 1969 conciliavit
716 1914 801 1968 nobis
809 1915 1112 1970 communicationem
1123 1931 1190 1969 cum
1202 1915 1316 1986 angelis
1326 1916 1418 1970 caeli!

354 1984 435 2039 “His
453 1985 571 2047 auditis,
586 1985 702 2056 rogavit
714 1985 837 2056 angelus
857 1996 890 2038 ut
909 1985 1021 2055 aliquid
1035 1985 1072 2040 de
1084 1985 1234 2056 conjugiis
1252 1987 1332 2056 apud
1353 1985 1418 2042 illos

300 2055 469 2112 referrentl¹1
522 2055 561 2108 Et
582 2056 658 2110 dixit
681 2057 813 2117 maritus,
837 2055 905 2110 ‘Est
927 2056 1194 2126 correspondentia
1215 2057 1294 2110 inter
1314 2057 1418 2126 conju-

299 2127 381 2198 gium
402 2126 563 2196 spirituale,
585 2127 664 2196 quod
687 2137 733 2181 est
753 2127 823 2180 boni
845 2137 875 2180 et
896 2127 965 2186 veri.
986 2137 1017 2180 et
1038 2128 1115 2182 inter
1135 2127 1310 2197 conjugium
1332 2139 1416 2180 natu·

300 2199 368 2259 rale,
382 2198 463 2268 quod
483 2207 528 2250 est
541 2197 595 2251 viri
615 2213 682 2250 curn
698 2213 804 2260 uxore;
822 2207 853 2251 et
866 2197 936 2268 quia
952 2197 1121 2252 studuimus
1135 2197 1415 2267 correspondentiis.

298 2269 429 2322 vidimus
448 2267 528 2338 quod
553 2267 685 2322 Ecclesia
706 2283 774 2321 cum
798 2267 859 2322 suis
881 2267 958 2322 veris
981 2279 1011 2322 et
1032 2267 1120 2322 bonis
1142 2283 1331 2338 nequaquam
1354 2269 1416 2322 dari

300 2339 395 2408 possit
413 2339 492 2408 apud
512 2338 586 2392 alios
605 2355 695 2408 quam
716 2337 766 2408 qui
787 2337 816 2391 in
835 2353 937 2392 amore
956 2353 1026 2392 vere
1044 2337 1206 2408 conjugiali
1225 2338 1346 2399 vivunt;
1371 2351 1416 2393 est

299 2410 379 2464 enim
393 2409 567 2490 conjugium
581 2409 652 2463 boni
666 2420 696 2464 et
715 2409 777 2462 veri
798 2407 929 2462 Ecclesia
941 2409 1019 2478 apud
1040 2408 1202 2462 hominem.
1239 2407 1339 2480 Quare
1352 2424 1415 2463 om·

300 2497 353 2536 nes
372 2495 427 2534 nos
446 2496 496 2550 qur
516 2479 566 2534 hic
584 2495 696 2542 sumus,
710 2479 837 2533 dicimus
856 2480 937 2548 quod
958 2479 1082 2533 maritus
1101 2479 1140 2533 sit
1158 2494 1271 2540 verum,
1291 2490 1323 2533 et
1341 2495 1416 2532 uxor

298 2551 364 2621 ejus
373 2551 435 2605 veri
446 2551 567 2613 bonum,
577 2559 607 2604 et
617 2551 698 2620 quod
712 2551 824 2603 bonum
836 2565 896 2602 non
908 2549 1002 2619 possit
1012 2565 1112 2604 amare
1122 2549 1202 2603 aliud
1212 2565 1315 2603 verum
1349 2565 1414 2603 uam

299 2621 380 2692 quod
399 2622 444 2675 sui
464 2631 517 2682 est,
532 2636 586 2674 nec
604 2637 707 2675 verum
729 2621 881 2675 redamare
905 2620 985 2673 aliud
1006 2621 1117 2674 bonum
1137 2619 1250 2702 [quam]
1269 2566 1350 2689 quo}
1370 2621 1414 2674 sui

298 2703 358 2755 est:
377 2691 402 2746 si
421 2691 510 2749 aliud.
525 2691 633 2760 periret
646 2691 820 2762 conjugium
834 2689 985 2745 internum
1004 2707 1056 2744 seu
1076 2689 1230 2760 spirituale
1243 2691 1323 2760 quod
1344 2689 1415 2744 lacit

300 2761 471 2824 Ecclesiam,
490 2771 520 2816 et
546 2761 630 2815 fieret
653 2762 744 2815 modo
763 2761 936 2832 conjugium
957 2771 1113 2816 externum
1131 2776 1184 2815 seu
1204 2761 1347 2822 naturale,
1366 2761 1413 2815 cui

299 2833 467 2888 idololatria
480 2843 510 2887 et
524 2847 584 2886 non
600 2831 730 2886 Ecclesia
743 2831 975 2901 correspondet.'

352 2912 367 2932 ⁴·
377 2902 432 2958 His
443 2902 530 2958 dietis
541 2900 702 2956 introducti
713 2917 816 2956 sumus
827 2903 856 2955 in
873 2899 1111 2964 antithalamum,
1122 2901 1172 2954 ubi
1184 2901 1269 2971 plura
1278 2901 1414 2956 technica

298 2989 388 3044 super
401 2974 570 3044 parietibus,
584 2985 615 3027 et
635 2973 674 3026 im
717 2973 779 3028 'nes
799 2989 906 3042 parvae
925 2973 1003 3028 sicut
1022 2971 1104 3026 lusae
1123 2987 1160 3025 ex
1178 2982 1304 3042 argento
1321 2983 1413 3027 erant.

300 3043 338 3099 Et
356 3045 488 3115 quaesivi
523 3045 574 3097 uid
595 3044 652 3098 illa.
720 3043 845 3104 inerunt,
861 3042 951 3097 ‘Sunt
972 3041 1103 3113 picturae
1122 3053 1153 3096 et
1172 3041 1285 3096 lormae
1299 3059 1413 3112 reprae-

298 3115 463 3169 sentativae
489 3061 618 3186 plurium
641 3113 828 3184 qualitatum,
851 3113 1108 3184 praedicationum
1134 3123 1165 3166 et
1189 3112 1410 3183 jucunditatum

297 3201 312 3240 s
335 3185 496 3239 iritualium
507 3185 523 3248 ;’
545 3185 622 3239 sicut
635 3185 724 3239 etiam
738 3195 823 3238 erant
836 3184 957 3238 cherubi
972 3193 1003 3238 et
1022 3183 1137 3253 palmae
1150 3191 1240 3253 super
1252 3183 1412 3252 parietibus

325 3273 372 3310 em
395 3255 415 3309 li
431 3255 706 3326 Hierosolymitani.

352 3335 367 3356 “
376 3273 450 3380 gost
469 3327 542 3380 haec
555 3327 692 3396 apparuit
708 3341 724 3380 e
743 3325 909 3396 longinquo
922 3340 1024 3380 currus
1038 3321 1151 3378 tractus
1163 3339 1181 3378 a
1194 3323 1311 3378 mannis
1323 3324 1413 3384 albis;

319 3413 359 3451 uo
372 3397 437 3451 viso
456 3397 532 3450 dixit
545 3397 687 3466 Angelus,
702 3395 772 3450 ‘lile
786 3411 889 3449 currus
901 3405 948 3450 est
965 3395 1051 3450 nobis
1065 3394 1181 3466 signum
1202 3404 1236 3448 ut
1254 3393 1412 3448 abeamus!

298 3413 391 3530 ffunc,
413 3483 480 3521 cum
504 3467 713 3522 descendimus
736 3482 788 3538 per
809 3467 926 3537 gradus,
947 3465 1031 3519 dedit
1054 3465 1163 3534 hospes
1185 3465 1272 3519 nobis
1294 3466 1412 3519 botrum

298 3555 335 3593 ex
348 3539 413 3592 uvis
426 3537 561 3592 candidis
574 3537 786 3592 adhaerentem
800 3537 879 3590 foliis
892 3553 929 3590 ex
947 3535 1025 3598 vite;
1047 3546 1078 3591 et
1097 3550 1165 3590 ecce
1178 3534 1251 3590 lolia
1270 3535 1300 3589 in
1320 3536 1411 3589 mani-

297 3611 353 3664 bus
364 3609 474 3663 nostris
485 3607 562 3662 latia
571 3619 641 3662 sunt
649 3618 790 3678 argentea
800 3625 806 3668 ;
825 3617 856 3661 et
867 3605 1092 3677 deportavimus
1104 3606 1154 3660 illa
1164 3605 1193 3659 in
1203 3606 1322 3677 signum
1331 3605 1411 3676 quod

297 3695 366 3734 cum
381 3679 499 3750 populis
513 3677 629 3734 Saeculi
644 3678 787 3749 Argentei
801 3677 893 3732 locuti
907 3675 1027 3732 simus.”

296 3815 368 3884 45.
402 3799 454 3863 De
474 3799 608 3863 Inserno
628 3819 672 3862 ex
691 3799 820 3861 illis:—

353 3931 472 3987 lnlerna
484 3948 521 3986 ex
537 3931 708 3985 hominibus
729 3929 877 3986 Ecclesiae
897 3929 1065 3984 Noachicae
1083 3944 1136 3984 seu
1150 3927 1301 3998 Antiquae
1313 3927 1410 3999 quoad

318 4003 455 4056 lurimam
466 4012 581 4073 partem
589 4002 759 4056 consistunt
766 4017 803 4055 ex
813 4000 917 4070 Magis,
927 3999 1034 4070 quibus
1042 3998 1170 4068 mapalia
1177 4009 1208 4053 et
1215 4013 1326 4070 agapae
1335 4009 1411 4058 sunt.

298 4019 351 4198 ξίη]
365 4074 484 4128 deserto
497 4089 623 4142 sparsae.
660 4071 783 4125 Vadunt
802 4071 841 4124 ibi
860 4086 927 4125 curn
947 4069 1058 4124 baculis
1071 4069 1101 4123 in
1115 4085 1215 4130 manu,
1226 4069 1277 4139 qui
1290 4069 1411 4124 diversi·

310 4159 407 4198 ormes
420 4153 499 4204 sunt,
512 4152 543 4197 et
555 4143 676 4212 quidam
689 4139 776 4195 tincti
795 4142 890 4196 succis
903 4139 1139 4195 necromanticis.
1179 4139 1236 4194 Per
1248 4139 1323 4200 illos,
1336 4139 1411 4193 sicut

298 4216 379 4276 olim,
393 4225 471 4268 artes
484 4229 552 4268 suas
562 4223 708 4273 exercent,
719 4228 795 4282 quae
805 4211 882 4265 liunt
895 4227 947 4280 per
956 4212 1067 4264 abusus
1075 4209 1411 4280 correspondentiamm.

320 4284 478 4346 hantasias‚
498 4283 620 4338 fiducias
640 4282 832 4353 persuasivas,
852 4298 904 4352 per
922 4297 995 4352 quas
1015 4280 1071 4334 luit
1090 4280 1163 4334 tides
1183 4279 1368 4340 miraculosa,
1383 4289 1409 4333 et

298 4301 376 4410 faeta
385 4365 455 4409 sunt
465 4353 606 4408 miracula
615 4354 702 4417 olim;
717 4363 780 4406 turn
792 4368 844 4422 per
853 4353 1042 4412 exorcismos,
1054 4351 1284 4412 incantamenta,
1294 4349 1411 4408 fascina,

298 4436 329 4480 et
341 4425 492 4487 veneficia,
506 4433 536 4478 et
556 4424 655 4494 plures
669 4423 741 4478 alias
753 4421 1030 4493 daemonophonias
1049 4437 1102 4492 per
1114 4436 1188 4492 quas
1200 4421 1310 4476 sistunt
1323 4435 1412 4490 appa-

298 4495 408 4550 rentias
430 4495 578 4550 illusoriae
599 4493 677 4548 sicut
699 4494 800 4548 reales.
863 4492 1099 4546 ucundissimum
1121 4491 1221 4546 cordis
1242 4507 1344 4546 eorum
1368 4499 1412 4544 est

298 4566 439 4620 vaticinia
451 4575 482 4620 et
522 4564 761 4636 raesagiaedere,
775 4579 810 4618 ac
874 4563 983 4617 thones
995 4578 1091 4634 agere.
1130 4561 1174 4616 Ex
1193 4560 1240 4616 his
1258 4560 1412 4632 praecipue

298 4636 478 4692 exstiterunt
493 4581 697 4690 ssmhusiasmi
712 4635 741 4688 in
755 4633 926 4690 Christiano
939 4633 1019 4688 orbe.
