3338 5300
331 665 370 732 54
800 661 971 714 conotus.

328 833 385 915 qui
411 831 553 896 credunt
579 831 613 895 in
641 831 755 915 ipsum
782 841 819 894 ut
847 831 1042 906 Hominem,
1068 839 1103 893 et
1129 829 1256 893 iaciunt
1282 829 1444 893 mandata

331 927 450 1008 ipsius,
475 927 725 1009 compendiaria
747 927 801 989 via
831 926 994 988 ducerent
1020 925 1064 987 ad
1094 923 1237 1000 caelum,
1268 923 1444 988 habitacu-

331 1020 400 1083 lum
428 1021 624 1084 Divinitatis
646 1041 735 1084 suae.
788 1019 855 1084 Sed
882 1021 960 1102 quia
985 1018 1139 1100 Antiqua
1165 1019 1249 1082 haec
1277 1017 1443 1092 Ecclesia,

330 1116 445 1196 typica
460 1124 633 1188 venturae,
654 1115 971 1196 correspondentias
983 1114 1291 1195 repraesentativas
1303 1133 1444 1176 conver·

329 1217 443 1271 terunt
466 1210 499 1270 in
524 1211 659 1290 magica
681 1218 716 1272 et
739 1207 962 1282 idololatrica,
980 1217 1015 1270 et
1034 1207 1079 1270 sic
1100 1207 1133 1268 in
1150 1205 1333 1281 infernalia,
1351 1209 1445 1270 exci-

331 1303 417 1365 tavit
439 1303 592 1383 Jehovah
614 1302 805 1366 Ecclesiam
829 1301 1051 1364 Israeliticam
1074 1301 1108 1364 in
1130 1298 1221 1382 quam
1239 1310 1445 1367 restauraret

333 1407 435 1478 typos
454 1397 652 1478 primitivos,
671 1397 727 1478 qui
746 1395 912 1459 caelestes
935 1395 1087 1472 luerunt;
1111 1395 1199 1458 tales
1218 1397 1291 1478 typi
1313 1395 1445 1460 luerunt

333 1491 447 1553 omnia
480 1489 709 1564 tabernacula,
741 1489 838 1564 festa,
870 1487 1041 1564 sacrificia,
1073 1489 1274 1564 sacerdotia,
1306 1487 1446 1554 amictus

331 1583 503 1648 Aharonis
526 1593 561 1648 et
583 1583 725 1647 filiorum
748 1583 828 1664 ejuS,
849 1581 1035 1658 undlioneS,
1056 1593 1190 1666 praeter
1208 1592 1340 1647 statuta
1361 1604 1446 1667 quae

332 1677 436 1762 longa
455 1679 539 1742 serie
558 1699 617 1762 per
635 1677 756 1740 Mosen
775 1675 886 1741 edicta
904 1687 992 1742 sunt.

393 1791 465 1856 43·
495 1771 677 1854 Quomodo
690 1771 846 1835 Ecclesia
855 1771 1144 1854 repraesentativa
1156 1771 1245 1853 apud
1261 1771 1338 1835 illos
1350 1793 1445 1836 versa

332 1867 393 1930 luit
423 1869 456 1930 in
483 1866 742 1940 idololatricam,
767 1867 881 1948 paucis
908 1875 1048 1946 tangam
1061 1863 1238 1928 :--Omnia
1263 1867 1446 1948 spiritualia

333 1982 418 2044 quae
445 1960 530 2024 caeli
557 1971 592 2024 et
623 1959 799 2023 Ecclesiae
829 1969 919 2034 sunt,
947 1977 1061 2022 coram
1089 1958 1154 2022 illis
1180 1961 1388 2025 sistebantur
1413 1963 1446 2024 in

331 2057 445 2119 formis
468 2053 652 2118 visibilibus
674 2063 709 2120 et
732 2052 914 2130 tadtilibuS,
938 2063 975 2118 ut
998 2073 1081 2117 mox
1103 2073 1203 2136 supra
1225 2052 1352 2118 dietum
1375 2067 1446 2135 est;

332 2150 458 2213 formae
471 2148 548 2211 illae
561 2147 760 2230 desumptae
773 2148 905 2210 luerunt
921 2167 967 2211 ex
983 2145 1140 2229 subjectis
1154 2149 1254 2210 trium
1267 2169 1447 2230 regnorum
1564 2161 1570 2178 “
1642 2137 1643 2144 ¹

333 2243 495 2318 Naturae,
504 2241 669 2317 animalis,
681 2241 892 2324 vegetabilis,
905 2251 940 2305 et
953 2241 1132 2316 mineralis,
1145 2261 1204 2324 per
1215 2261 1301 2324 quae
1314 2263 1447 2326 reprae-

334 2338 557 2402 sentabantur
580 2336 662 2400 talia
688 2356 774 2418 quae
796 2337 891 2416 regni
914 2335 1072 2399 caelestis
1095 2346 1182 2398 sunt.
1229 2336 1303 2399 Has
1325 2337 1448 2402 formas

332 2433 465 2514 typicas
488 2439 672 2512 posuerunt
694 2433 727 2493 in
751 2431 818 2492 suis
841 2427 1048 2504 sanctuariis,
1073 2430 1106 2492 in
1129 2430 1290 2493 domuum
1314 2451 1446 2496 suarum

332 2524 571 2610 penetralibus
592 2525 691 2607 inque
710 2524 788 2587 loris
807 2533 841 2586 et
861 2523 1003 2606 plateis;
1026 2533 1062 2588 et
1081 2524 1284 2588 ordinabant
1300 2525 1376 2590 illas
1394 2546 1447 2590 se·

333 2620 480 2685 cundum
499 2618 773 2700 significationes.
818 2616 869 2680 At
892 2627 1030 2699 postera
1052 2627 1158 2693 aetas,
1179 2628 1360 2701 postquam
1383 2620 1447 2683 sci·
1506 2621 1509 2629 '

333 2715 426 2778 entia
455 2713 830 2794 correspondentiarum
860 2711 1043 2776 obliterata
1075 2721 1138 2786 est,
1170 2721 1206 2776 et
1238 2713 1316 2776 inde
1350 2715 1447 2796 periit

334 2807 485 2890 cognitio
504 2805 758 2888 significationis
777 2803 919 2880 illarum,
937 2807 1050 2887 coepit
1069 2806 1189 2869 intueri
1208 2815 1243 2869 et
1261 2826 1447 2888 agnoscere

333 2903 391 2965 illa
410 2898 542 2980 objedta
561 2909 597 2963 ut
621 2900 766 2962 totidem
786 2899 873 2961 Diva
891 2909 927 2962 et
946 2897 1071 2962 Sancta
1082 2920 1089 2978 ;
1124 2909 1159 2963 et
1182 2909 1263 2963 tunc
1283 2900 1325 2964 ad
1345 2921 1446 2984 quae·

333 2997 413 3058 dam
431 2993 613 3058 flectebant
631 3011 753 3075 genua,
773 2993 939 3074 quaedam
959 2993 1110 3056 libabant
1127 2992 1261 3070 osculis,
1281 2995 1447 3076 quaedam

333 3091 437 3154 etiam
457 3089 671 3151 exornabant
689 3096 725 3150 et
748 3087 956 3150 decorabant
978 3087 1161 3169 torquibus
1183 3089 1446 3168 myrothecidiis,

334 3193 370 3248 et
393 3182 609 3265 periscelidis,
629 3201 764 3264 prorsus
786 3182 872 3244 sicut
895 3181 1040 3244 infantes
1063 3201 1139 3244 suas
1162 3201 1278 3263 pupas,
1303 3171 1339 3245 et
1361 3185 1447 3247 sicut

335 3279 456 3360 Papaei
476 3299 535 3339 sua
550 3275 748 3354 simulacra;
771 3277 876 3339 immo
895 3297 939 3338 ex
955 3276 1153 3359 quibusdam
1169 3277 1320 3340 lecerunt
1341 3277 1447 3342 Pena·

335 3382 398 3445 tes,
423 3393 467 3434 ex
495 3369 693 3453 quibusdam
717 3368 892 3434 Semideos
919 3371 1091 3444 tutelares
1116 3379 1151 3434 et
1178 3391 1223 3434 ex
1249 3371 1447 3453 quibusdam

335 3465 529 3546 Pythones;
564 3463 730 3546 quaedam
757 3473 871 3526 autem
901 3464 934 3525 in
962 3465 1098 3526 minutis
1124 3464 1237 3527 formis
1264 3465 1447 3546 portabant

335 3559 499 3634 manibus,
516 3557 682 3640 quaedam
698 3557 858 3620 fovebant
874 3557 1021 3638 gremiiS,
1035 3557 1231 3639 palpabant,
1246 3577 1284 3622 ac
1301 3559 1447 3622 insusur-

335 3653 456 3715 rabant
475 3652 657 3734 petitiones
669 3672 677 3728 ;
704 3659 739 3714 et
763 3651 808 3714 sic
829 3671 937 3733 porro.
983 3651 1037 3714 Ita
1060 3661 1161 3732 typos
1181 3651 1348 3714 caelestes
1366 3671 1447 3716 con·

334 3755 509 3809 verterunt
539 3747 571 3806 in
598 3753 700 3826 typos
726 3743 914 3820 infernales,
940 3765 978 3807 ac
1007 3744 1130 3808 Divina
1152 3744 1236 3807 caeli
1263 3755 1299 3808 et
1325 3745 1447 3810 Eccle-

335 3840 404 3902 siae
422 3840 455 3902 in
472 3839 572 3902 idola.
617 3839 758 3919 Propter
776 3839 862 3902 hanc
880 3837 1211 3919 transfigurationem
1227 3849 1262 3902 et
1281 3838 1447 3920 defigura-

336 3934 464 3997 tionem
495 3931 703 4006 caelestium,
735 3951 825 3995 nova
854 3931 1009 3996 Ecclesia
1039 3935 1328 4014 repraesentativa
1360 3935 1447 4016 apud

338 4026 442 4090 Filios
459 4025 592 4090 Israelis
611 4027 764 4090 excitata
782 4035 846 4101 est,
863 4027 896 4089 in
915 4023 1007 4108 qual¹¹
1025 4028 1357 4109 repraesentationes
1375 4049 1447 4092 rea·

338 4120 399 4195 les,
416 4129 453 4184 ut
466 4141 565 4202 supra
581 4117 706 4182 dictum
725 4129 790 4195 est,
803 4120 981 4184 institutae
992 4131 1090 4198 sunt,
1114 4129 1150 4184 et
1169 4123 1220 4184 cui
1233 4119 1446 4186 interdidtum

336 4224 389 4278 est
406 4235 448 4278 ne
467 4235 526 4297 per
544 4213 627 4276 alias
642 4214 771 4278 cultum
791 4214 949 4278 Divinum
967 4213 1213 4296 instaurarent3
1236 4226 1273 4280 ut
1289 4226 1386 4300 patet
1404 4237 1448 4280 ex

336 4309 387 4373 his
405 4310 439 4372 in
459 4309 570 4372 Primo
588 4309 775 4391 Praecepto
794 4307 979 4391 Decalogi:

388 4471 475 4523 “Non
487 4473 569 4521 iacies
587 4472 633 4521 tibi
651 4471 781 4536 sculptile,
801 4480 847 4521 aut
862 4471 944 4522 ullam
962 4473 1083 4536 figuram.
1096 4489 1164 4538 quae
1182 4474 1209 4524 ln
1227 4473 1308 4524 caelis
1325 4474 1446 4538 desuper,

466 4547 493 4587 et
504 4551 572 4614 quae
583 4537 610 4586 ln
624 4547 694 4588 terra
703 4537 780 4595 infra,
794 4547 901 4601 ecquae
918 4539 945 4587 in
958 4539 1033 4602 aquis
1045 4541 1095 4588 sub
1107 4551 1186 4590 terra.
1223 4539 1285 4590 Non
1298 4541 1447 4592 incurvabis

467 4612 493 4654 te
505 4603 566 4662 lllrs,
580 4611 607 4652 et
616 4617 670 4652 non
683 4603 755 4652 coles
767 4601 820 4652 ea''
830 4602 923 4664 (Exod.
934 4619 978 4654 xx.
990 4617 1014 4664 4,
1027 4616 1057 4666 5;
1075 4605 1167 4656 Deutr.
1179 4619 1205 4656 v.
1217 4605 1240 4664 8,
1252 4605 1286 4669 9).
