3322 5298
646 726 695 778 DE
718 725 856 778 DIVINA
878 725 1091 778 TRINITATE
1389 725 1424 792 §l

363 893 412 961 (ς.)
441 889 530 965 Quod
541 908 578 948 ex
587 891 721 948 trinitate
732 892 931 950 Personarum
942 892 1152 950 inevitabiliter
1158 901 1299 964 sequatur
1311 892 1428 947 trinitas

311 961 452 1102 nciam·
468 1033 528 1089 uod
548 1033 572 1089 si
593 1032 676 1089 Deus
691 1049 768 1090 unus
783 1043 836 1099 est,
850 1031 1044 1092 1¹¹necessaria
1058 1034 1098 1090 sit
1113 1032 1243 1089 Trinitas
1260 1031 1324 1096 Dei,
1337 1043 1368 1088 et
1386 1035 1429 1088 sic

309 1103 440 1159 Trinitas
479 1119 611 1159 ersonae.

363 1175 414 1258 (⁷:)
439 1172 529 1247 Quod
542 1173 673 1230 Trinitas
687 1173 837 1260 Deiquae
848 1177 941 1233 etiam
953 1185 999 1232 est
1011 1174 1142 1234 Trinitas
1156 1173 1313 1238 Personae,
1322 1175 1361 1231 sit
1371 1171 1428 1230 [uin

311 1243 375 1301 Deo
389 1255 550 1311 incarnato,
563 1261 616 1300 seu
628 1243 699 1318 Jesu
713 1244 842 1304 Christo.

362 1313 411 1386 (8.)
438 1313 639 1371 confirmatur
650 1331 688 1370 ex
701 1315 855 1387 Scriptura
867 1316 974 1374 Sacra:

253 1437 259 1454 ,
362 1387 411 1455 (9.)
436 1385 474 1441 Et
483 1401 604 1456 quoque
613 1385 774 1442 erratione
784 1389 877 1460 (quod
886 1388 927 1444 sit
939 1387 1057 1443 trinitas
1067 1387 1097 1440 in
1107 1387 1276 1458 unoquovis
1286 1386 1429 1456 homine).

356 1457 424 1526 (ιο.)
452 1454 542 1528 Quod
563 1455 695 1512 Ecclesia
708 1457 884 1528 Apostolica
896 1473 1042 1529 nusquam
1055 1456 1231 1529 cogitaverit
1244 1457 1281 1512 de
1296 1458 1429 1514 trinitate

310 1525 525 1582 Personarum:
543 1543 580 1581 ex
594 1527 727 1598 Symbola.

358 1597 425 1666 (11.)
451 1595 541 1670 Quod
554 1597 673 1654 trinitas
687 1614 881 1670 personarum
896 1599 994 1671 primo
1009 1599 1131 1654 inventa
1143 1597 1182 1654 sit
1194 1613 1213 1652 a
1227 1595 1364 1654 Concilio
1377 1598 1430 1653 Ni-

187 1777 192 1784 .
308 1683 424 1864 aff)
450 1735 540 1810 Quod
560 1737 630 1793 inde
651 1737 786 1795 derivata
803 1739 843 1796 sit
864 1740 895 1795 ln
916 1738 1057 1796 ecclesias
1078 1748 1147 1810 post
1171 1738 1252 1802 illud,
1275 1755 1370 1811 usque
1391 1741 1429 1796 ad

308 1809 328 1862 h
357 1821 707 2021 ‹igffuggffumri'griprius
715 1896 804 1952 quam
817 1880 909 1937 hodie
921 1880 1053 1952 potuerit
1062 1877 1198 1935 dotlrina
1208 1879 1258 1935 illa
1266 1877 1430 1936 rectificari.

358 1951 424 2034 (μ.)
486 1949 541 2034 ‘od
562 1949 680 2034 trinitas
698 1967 893 2034 personarum
918 1960 1014 2006 totam
1036 1949 1190 2006 ecclesiam
1217 1951 1378 2014 inverterit,
1400 1963 1430 2007 et

308 2019 509 2076 falsificavertt
521 2035 624 2075 omnia
635 2029 666 2075 et
680 2022 798 2093 singula
809 2021 884 2093 ejus.

356 2091 423 2160 (¹5·)
450 2087 541 2162 Quod
554 2105 660 2174 ornnes
674 2091 809 2148 dicerent
820 2092 902 2174 quod
918 2091 1043 2148 excedat
1057 2101 1189 2162 captum,
1202 2101 1233 2146 et
1247 2093 1328 2162 quod
1345 2092 1431 2148 intel-

308 2158 402 2216 leiius
420 2161 588 2288 captandus
608 2170 648 2217 att
669 2162 725 2217 sub
746 2161 918 2218 obedientia
936 2161 1015 2218 fidei.
1051 2160 1131 2236 Quid
1151 2169 1167 2192 ‘⁴
1176 2159 1268 2217 Filiu
1287 2172 1375 2218 uatus
1393 2165 1440 2218 ab.

309 2241 433 2428 Ξξὲἕ
449 2299 538 2374 Quod
559 2301 589 2357 in
605 2300 737 2359 Domino
752 2302 792 2360 sit
806 2317 867 2358 una
881 2302 1019 2368 Trinitas,
1032 2313 1063 2359 et
1075 2303 1157 2374 quod
1177 2303 1207 2358 in
1226 2302 1373 2360 Trinitate
1391 2305 1431 2359 sit

360 2390 369 2426 l
417 2413 424 2428 0

680 2825 839 2893 CAPUT
870 2827 1071 2894 PRIMUM.

221 3105 229 3116 .
310 3058 423 3142 Quot>
436 3057 875 3138 D1v1NaTa1u1‘russ1‘r;
898 3071 1115 3137 wasmont,
1134 3059 1272 3138 Putas,
1289 3059 1428 3136 F1s1us,

438 3165 486 3216 st·
509 3151 682 3218 Saturius
705 3151 888 3218 Sanctus

376 3351 402 3397 1.
434 3332 537 3417 Quod
558 3333 685 3400 Unitas
709 3334 784 3410 Dei,
804 3335 839 3398 in
857 3343 936 3400 toto
955 3343 1121 3400 terrarum
1138 3336 1221 3401 orbe
1239 3336 1295 3400 ubi
1310 3336 1431 3420 religio

519 3439 555 3494 et
574 3449 659 3492 sana
676 3429 775 3504 ratio,
796 3430 915 3512 agnita
933 3439 969 3494 et
986 3440 1127 3514 recepta
1145 3432 1201 3495 sit.

372 3538 402 3588 2.
434 3521 536 3606 Quod
566 3523 644 3588 ideo
671 3522 822 3588 Trinitas
851 3522 915 3587 Dei
945 3543 1014 3588 non
1042 3525 1191 3608 potuerit
1221 3534 1305 3590 nota
1335 3546 1430 3604 esse;

522 3637 603 3682 nam
620 3619 647 3682 si
663 3627 748 3682 nota
766 3617 897 3695 suisset,
914 3619 1020 3683 immo
1039 3620 1066 3682 si
1085 3619 1190 3684 modo
1208 3616 1309 3697 dicta,
1326 3619 1431 3684 homo

522 3717 566 3782 de
581 3715 753 3781 Trinitate
771 3717 835 3780 Dei
847 3717 1073 3800 cogitavisset
1089 3717 1322 3800 pluralitatem
1338 3717 1431 3781 Deo·

522 3831 597 3876 rum
611 3833 619 3891 ;
650 3829 752 3895 quam
771 3810 892 3894 religio
910 3821 945 3878 et
961 3831 1096 3896 quoque
1111 3832 1194 3876 sana
1203 3813 1292 3877 ratio
1306 3811 1431 3876 abhor-

522 3915 610 3971 rent.

376 4017 403 4084 3.
436 3998 537 4084 Quod
556 4000 635 4065 ideo
650 3999 801 4064 Trinitas
821 3999 885 4065 Dei
904 4019 973 4065 non
990 4001 1139 4085 potuerit
1155 4001 1218 4066 nisi
1236 4021 1282 4066 ex
1301 3999 1432 4066 revela·

524 4096 620 4160 tione
632 4095 806 4178 cognosci,
820 4096 870 4159 ita
883 4115 952 4161 non
965 4095 1030 4179 nisi
1040 4115 1141 4180 quam
1154 4117 1199 4160 ex
1213 4095 1343 4175 Verb03
1368 4115 1431 4160 nec

523 4189 628 4272 recipi
654 4189 717 4253 nisi
740 4188 891 4254 Trinitas
913 4191 1018 4254 etiam
1041 4191 1085 4254 sit
1109 4189 1234 4255 Unitas
1257 4189 1332 4265 Dei,
1352 4209 1432 4253 nam

526 4283 653 4367 alioqui
675 4283 763 4348 foret
782 4281 1020 4359 contradictio,
1039 4304 1126 4367 quae
1145 4284 1232 4366 parit
1252 4303 1320 4347 non
1340 4303 1410 4347 ens.

373 4395 405 4460 4.
437 4375 539 4462 Quod
565 4376 718 4442 Trinitas
745 4377 809 4442 Dei
831 4374 1012 4442 actualiter
1033 4397 1101 4442 non
1125 4378 1299 4442 exstiterit
1323 4377 1431 4460 prius·

526 4491 628 4558 quatu
645 4471 751 4536 Filius
767 4471 843 4549 Dei,
860 4469 1021 4538 Salvator
1036 4471 1162 4548 mundi,
1177 4479 1277 4536 natus
1296 4481 1370 4551 est;
1394 4481 1431 4535 et

523 4571 615 4729 ᾳιιιῦι
634 4585 696 4632 nec
715 4567 806 4650 prius
828 4563 954 4632 Unitas
972 4567 1006 4632 in
1025 4564 1206 4641 Trinitate,
1226 4575 1262 4630 et
1281 4565 1432 4630 Trinitas

525 4659 559 4722 in
612 4663 732 4727 nitate.
