3338 5300
305 649 346 729 36
777 661 948 712 conotus.

304 830 467 896 facultate
486 832 667 914 recipiendi
686 841 721 896 et
740 831 983 914 reproducendi
1002 830 1212 894 influentias
1232 830 1307 894 Deo
1325 851 1418 914 pror·

304 947 361 990 sus
387 937 424 990 ut
450 947 471 990 a
496 947 543 1002 se,
568 947 636 990 non
658 926 746 990 soret
769 928 799 989 ei
822 927 957 1008 aliquod
981 946 1076 988 suum
1102 947 1141 990 ac
1165 928 1333 1008 proprium
1358 927 1419 988 nisi

304 1021 580 1103 imperceptibile,
597 1022 686 1103 quod
705 1031 758 1084 est
777 1021 885 1084 simile
901 1022 1035 1102 proprio
1052 1020 1216 1103 sculptilis
1234 1021 1419 1083 inanimati.

305 1113 373 1178 Sed
396 1115 491 1197 plura
512 1116 555 1178 de
578 1116 724 1196 imagine
747 1125 782 1178 et
805 1114 1021 1178 similitudine
1047 1113 1109 1177 Dei
1132 1115 1221 1196 apud
1248 1115 1419 1177 hominem

304 1209 482 1272 videantur
503 1210 538 1271 in
560 1208 773 1272 Memorabili
792 1209 825 1272 in
848 1227 950 1290 opere
973 1208 1199 1290 praecedente
1222 1207 1314 1289 cujus
1337 1208 1419 1270 haec

305 1313 359 1368 est
378 1303 577 1386 Appendix,
594 1323 625 1366 n.
641 1303 692 1382 48.

364 1493 428 1564 27·
457 1479 512 1550 (ii.)
534 1479 694 1544 Secundus
711 1484 815 1544 elatus
827 1477 1060 1560 Antiquissima
1075 1477 1164 1560 hujus
1176 1477 1347 1551 foeturas,
1364 1497 1420 1541 eeu

305 1572 487 1654 Pragmaio
496 1572 563 1654 ejus
576 1572 607 1633 in
620 1571 740 1644 lucem,
752 1577 786 1633 et
797 1570 879 1642 uros,
892 1571 1090 1635 describitur
1102 1573 1135 1634 in
1147 1571 1296 1634 secundo
1308 1573 1419 1652 capite

307 1665 474 1742 Geneseos,
495 1686 553 1748 per
571 1665 674 1728 haec:

357 1802 374 1824 ¹¹
386 1799 521 1850 Plancavlt
539 1797 685 1864 [Jebovah]
706 1799 778 1848 Deus
790 1801 898 1849 hortum
916 1799 943 1848 in
963 1799 1038 1848 Eden
1056 1801 1090 1848 ab
1107 1801 1219 1858 oriente,
1233 1809 1259 1848 et
1277 1801 1367 1862 posuit
1384 1799 1420 1848 ibi

436 1867 572 1914 bominem
591 1880 669 1929 quem
687 1865 859 1922 formaverat,
962 1866 997 1915 ad
1015 1866 1156 1914 colendum
1174 1877 1201 1914 et
1217 1865 1420 1914 custodiendum

436 1932 519 1980 illum.
541 1967 547 1980 .
560 1967 566 1980 .
578 1967 583 1980 .
597 1968 603 1981 .
625 1931 658 1979 Et
670 1931 870 1994 progerminare
883 1929 945 1979 lecit
957 1930 1077 1994 Jehovab
1093 1927 1187 1996 [Deua
1199 1945 1233 1980 ex
1245 1925 1350 1994 bumo,]
1364 1945 1420 1978 om·

435 2011 497 2045 nem
514 1998 638 2044 arborem
650 1997 853 2044 desiderabilem
871 1993 989 2057 aspectu,
1004 2005 1031 2045 et
1048 1997 1146 2044 bonam
1162 1997 1188 2044 in
1207 1997 1313 2052 cibum;
1336 2007 1363 2044 et
1379 2010 1420 2044 ar-

436 2063 528 2112 borem
542 2062 611 2110 vitae
624 2062 651 2110 in
664 2061 752 2111 medio
764 2063 842 2118 horti,
854 2071 881 2109 et
893 2063 1015 2110 arborem
1025 2061 1153 2110 scientiae
1163 2061 1228 2110 boni
1241 2071 1267 2110 et
1280 2061 1350 2110 mali.
1388 2061 1420 2110 Et

436 2127 531 2176 fluvius
549 2127 630 2176 exivit
647 2141 681 2175 ex
700 2125 773 2176 Eden
792 2127 825 2175 ad
843 2127 1006 2188 irrigandum
1023 2127 1129 2175 bortum
1133 2163 1215 2184 .....
1227 2127 1271 2188 qui
1290 2123 1375 2176 lacius
1393 2128 1419 2174 in

435 2203 549 2255 quatuor
555 2190 702 2254 capita,’'in
711 2205 824 2254 quorum
832 2193 918 2253 primo
924 2199 981 2240 erat
987 2205 1080 2240 aurum
1088 2201 1114 2240 et
1121 2191 1188 2254 lapis
1194 2191 1332 2241 scbobam.
1361 2229 1367 2241 .
1379 2229 1385 2241 .
1395 2227 1418 2241 ..

439 2257 499 2306 ''Et
517 2257 651 2319 praecepit
667 2255 788 2321 Jebovab
808 2256 881 2306 Deus
898 2257 1010 2314 homini,
1029 2256 1151 2314 dicendo,
1173 2257 1213 2305 De
1231 2257 1306 2305 omni
1323 2258 1420 2306 arbore

435 2323 505 2371 horti
518 2323 636 2380 comede,
650 2323 696 2371 sed
715 2322 749 2372 de
766 2323 861 2370 arbore
873 2322 999 2372 scientiae
1012 2322 1075 2370 boni
1093 2331 1120 2372 et
1136 2323 1199 2372 mali
1217 2336 1271 2370 non
1290 2323 1398 2372 comede
1406 2319 1420 2341 '⁹

436 2389 515 2448 (vers.
531 2388 613 2450 8-17).

307 2515 407 2598 Quod
435 2517 626 2598 progressio
653 2515 747 2597 hujus
775 2514 950 2579 Ecclesiae
976 2516 1009 2578 in
1036 2513 1144 2578 lucem
1168 2535 1226 2578 seu
1249 2515 1338 2578 diem
1361 2515 1419 2580 de·

306 2611 471 2676 scribatur
490 2631 548 2692 per
567 2611 658 2692 quod
677 2609 832 2673 Adamus
855 2611 985 2692 positus
1004 2611 1047 2672 sit
1070 2611 1102 2672 in
1126 2609 1261 2673 hortum
1282 2609 1418 2684 Edenis,

306 2715 360 2770 est
386 2707 463 2788 quia
493 2725 551 2787 per
579 2704 769 2768 “hortum”
786 2702 999 2796 ‚significatur
1025 2703 1180 2768 Ecclesia
1205 2704 1315 2787 quoad
1342 2725 1420 2768 vera

306 2809 342 2863 et
368 2800 459 2862 bona
485 2799 564 2879 ejus.
610 2797 711 2880 Quod
738 2819 783 2862 ex
812 2798 911 2862 Eden
938 2799 1084 2862 exiverit
1111 2797 1228 2862 fluvius
1254 2795 1361 2862 sactus
1387 2801 1419 2862 in

306 2903 451 2975 quatuor
481 2894 605 2975 capita,
636 2893 669 2955 in
703 2912 845 2974 quorum
875 2893 984 2974 primo
1014 2901 1086 2955 erat
1117 2912 1234 2956 aurum
1267 2903 1302 2956 et
1336 2893 1420 2974 lapis

308 2989 485 3072 seboham,
509 2987 680 3071 significat
706 2988 797 3070 quod
824 2989 858 3051 in
886 2987 1042 3052 Ecclesia
1067 2988 1126 3050 illa
1151 2997 1242 3052 esset
1269 2985 1421 3052 dot'trina

306 3083 386 3146 boni
404 3093 439 3146 et
458 3085 538 3159 veri,
558 3081 726 3146 “fluvius''
742 3083 830 3146 enim
850 3081 1017 3163 significat
1035 3079 1236 3158 doctrinam,
1254 3087 1397 3147 “aurum
1406 3082 1420 3106 ’'

306 3175 376 3257 ejus
402 3177 539 3252 bonum,
567 3187 603 3241 et
629 3177 743 3259 “lapis
772 3176 963 3240 schoham”
989 3175 1059 3258 ejus
1085 3197 1211 3240 verum.
1257 3175 1359 3258 Quod
1388 3179 1420 3240 in

306 3272 408 3336 horto
430 3272 489 3336 illo
508 3274 639 3354 positae
658 3271 779 3335 luerint
799 3271 885 3334 duae
900 3271 1047 3344 arbores,
1067 3291 1133 3334 una
1151 3273 1242 3335 vitae
1260 3281 1296 3336 et
1314 3271 1421 3336 altera

306 3368 469 3432 scientiae
488 3367 567 3430 boni
590 3376 625 3430 et
648 3365 738 3440 mali,
757 3375 830 3430 erat
853 3365 930 3448 quia
950 3371 969 3398 ‘⁴
979 3365 1092 3430 Arbor
1111 3365 1213 3431 Vitae
1221 3365 1236 3391 ”
1254 3365 1420 3448 significat

308 3459 501 3533 Dominum,
525 3463 558 3524 in
581 3482 648 3546 quo
674 3471 709 3524 et
736 3481 781 3524 ex
804 3481 870 3543 quo
894 3471 946 3524 est
969 3463 1040 3525 vita
1062 3463 1185 3526 amoris
1207 3461 1364 3526 caelestis
1386 3473 1421 3526 et

307 3557 502 3638 sapientiae,
520 3577 606 3638 quae
626 3557 659 3619 in
676 3576 711 3618 se
727 3566 780 3619 est
796 3557 867 3618 vita
881 3567 1039 3633 aeterna3
1063 3575 1101 3619 ac
1120 3556 1246 3619 “arbor
1261 3557 1421 3620 scientiae

307 3650 387 3712 boni
410 3659 444 3713 et
468 3649 570 3712 mali”
589 3649 757 3731 significat
781 3648 964 3723 hominem,
984 3650 1016 3712 in
1040 3668 1107 3732 quo
1129 3659 1182 3713 est
1205 3651 1276 3712 vita
1299 3651 1421 3712 amoris

307 3743 487 3818 infernalis,
508 3753 542 3806 et
566 3743 643 3806 inde
663 3743 791 3806 insania
813 3745 847 3805 in
870 3743 967 3806 rebus
988 3743 1173 3816 Ecclesiae,
1192 3763 1277 3825 quae
1296 3745 1367 3806 vita
1388 3745 1421 3805 in

307 3857 343 3900 se
362 3834 517 3920 spectata
535 3849 587 3902 est
607 3857 697 3901 mors
716 3847 864 3902 aeterna.
910 3835 1011 3918 Quod
1031 3837 1161 3902 licuerit
1181 3837 1359 3901 comedere
1377 3858 1420 3901 ex

307 3933 399 3995 omni
425 3933 544 3996 arbore
571 3931 660 3995 horti
688 3942 823 4014 praeter
849 3953 894 3995 ex
920 3932 1068 3996 “arbore
1091 3933 1253 3998 scientiae
1280 3932 1360 3996 boni
1386 3943 1421 3996 et

307 4025 416 4102 mali,'’
439 4025 607 4107 significat
631 4025 771 4089 liberum
795 4027 968 4089 arbitrium
991 4027 1025 4090 in
1048 4024 1286 4108 spiritualibus,
1310 4029 1422 4090 omnia

307 4122 397 4184 enim
424 4120 514 4184 horti
541 4119 776 4201 significabant
803 4117 1026 4202 spiritualia['¹;
1060 4140 1138 4184 nam
1165 4121 1290 4203 absque
1317 4119 1422 4184 libero

308 4216 445 4279 arbitrio
461 4217 494 4278 in
511 4215 586 4290 illis,
600 4215 703 4279 homo
720 4235 930 4297 nequaquam
947 4225 1063 4296 potest
1079 4215 1235 4298 progredi
1251 4216 1283 4278 in
1301 4214 1420 4288 lucem,

308 4308 373 4374 hoc
390 4319 453 4384 est,
470 4311 503 4372 in
519 4331 598 4372 vera
609 4320 644 4373 et
663 4309 753 4373 bona
764 4308 949 4383 Ecclesiae,
961 4319 995 4372 et
1011 4309 1073 4372 sibi
1089 4329 1283 4392 comparare
1295 4309 1420 4384 vitam;

307 4405 335 4466 si
353 4405 443 4468 enim
459 4404 524 4468 hoc
541 4424 609 4468 non
626 4405 772 4468 intendit
789 4414 824 4466 et
840 4405 977 4486 satagit,
994 4413 1170 4486 comparat
1185 4404 1247 4468 sibi
1265 4414 1420 4467 mortem.

308 4497 409 4579 Quod
435 4498 583 4562 “hortus
592 4497 607 4522 ”
630 4497 798 4580 significet
822 4497 1012 4562 Ecclesiam
1034 4499 1146 4581 quoad
1169 4518 1249 4562 vera
1270 4507 1306 4560 et
1333 4497 1421 4560 bona

307 4593 388 4674 ejus,
412 4603 464 4658 est
488 4612 533 4656 ex
555 4593 857 4676 correspondentia
879 4593 1007 4656 arboris
1030 4611 1106 4656 cum
1132 4591 1291 4670 homine;
1323 4591 1421 4656 arbor
