3282 5294
260 675 299 726 12
666 674 716 725 DE
739 674 970 726 CHARITATE.

255 853 373 927 patet;
397 854 475 909 sunt
491 845 580 909 enim
596 844 652 928 qui
667 865 767 911 omne
787 845 913 910 bonum
930 845 1104 911 charitatis
1120 868 1164 911 ex
1188 847 1315 930 pietate
1338 856 1373 914 et

255 960 301 1001 ex
317 939 527 1021 cogitatione
543 939 671 1002 devita
693 949 834 1003 aeterna
848 939 983 1014 faciunt,
1001 950 1036 1004 et
1059 960 1163 1023 usque
1179 961 1247 1005 non
1263 943 1373 1006 sciunt

254 1033 345 1115 quod
361 1035 438 1096 odio
454 1033 577 1096 habere
597 1042 632 1096 et
655 1034 835 1108 vindicare,
852 1035 1003 1110 scortari,
1020 1035 1216 1114 depraedari
1232 1045 1268 1098 et
1290 1034 1372 1116 inju-

254 1130 336 1191 riam
366 1127 486 1202 lacere,
510 1125 755 1208 blasphemare,
772 1127 820 1191 ita
848 1125 931 1190 false
962 1130 1090 1204 testari,
1114 1138 1150 1192 et
1172 1128 1268 1211 plura
1291 1127 1373 1210 [sint

255 1221 369 1304 mala].
415 1219 500 1284 Sunt
520 1219 652 1302 judices
669 1221 723 1302 qui
746 1222 799 1302 pie
815 1222 943 1295 vivunt,
961 1231 996 1285 et
1019 1231 1134 1285 tamen
1157 1241 1226 1286 non
1248 1221 1373 1286 faciunt

254 1325 432 1398 peccatum
444 1313 592 1396 judicare
608 1336 653 1377 ex
669 1316 826 1388 amicitia,
839 1336 884 1377 ex
900 1314 1076 1390 affinitate,
1090 1326 1125 1378 et
1141 1313 1295 1398 respectu
1310 1315 1371 1379 ho·

254 1409 344 1472 noris
359 1417 394 1472 et
411 1408 512 1486 lucri;
535 1409 604 1472 imo
619 1409 646 1470 si
662 1409 783 1483 sciunt,
800 1407 1001 1472 confirmant
1024 1409 1112 1490 apud
1134 1429 1169 1472 se
1192 1409 1281 1492 quod
1304 1429 1372 1472 non

254 1505 321 1566 sint
337 1502 446 1582 mala;
469 1503 518 1566 ita
540 1523 671 1585 quoque
695 1501 759 1565 alii.
804 1501 931 1577 Verbo,
948 1513 1027 1580 sunt
1048 1504 1114 1567 duo
1137 1500 1306 1578 distincta,
1322 1502 1371 1578 su-¹

254 1617 334 1678 gere
357 1596 447 1659 mala
469 1606 506 1659 ut
529 1607 681 1678 peccata,
704 1605 740 1659 et
766 1595 874 1659 lacere
898 1596 1023 1659 bonum
1047 1595 1294 1674 Christianum;
1317 1596 1372 1678 qui

253 1690 338 1771 sugit
354 1690 443 1754 mala
465 1699 502 1753 ut
525 1699 667 1772 peccata
689 1690 717 1752 is
739 1689 818 1753 lacit
841 1689 931 1753 bona
947 1689 1156 1768 Christiana3
1180 1690 1235 1772 qui
1258 1699 1371 1753 autem

252 1784 378 1847 faciunt
394 1784 520 1847 bonum
536 1793 570 1848 et
587 1803 654 1848 non
671 1783 801 1865 fugiunt
818 1783 908 1846 mala
927 1793 964 1846 ut
987 1794 1139 1865 peccata,
1157 1802 1225 1846 non
1247 1782 1372 1847 iaciunt

253 1877 387 1962 aliquod
404 1878 528 1942 bonum
545 1876 792 1954 Christianum3
816 1876 942 1940 malum
957 1878 1046 1940 enim
1063 1886 1116 1940 est
1133 1877 1371 1940 contrachari-

253 1983 372 2048 tatem,
389 1991 491 2054 quare
514 1971 547 2035 id
570 1973 713 2054 primum
736 1969 939 2034 abolendum
960 1980 1023 2046 est,
1041 1980 1223 2053 antequam
1246 1971 1371 2034 bonum

252 2067 342 2149 quod
357 2067 437 2129 facit
453 2067 496 2128 sit
512 2085 588 2129 cum
604 2065 780 2139 charitate,
791 2064 856 2128 hoc
872 2073 936 2140 est,
950 2064 1134 2128 charitatis.
1164 2064 1243 2128 Non
1255 2074 1372 2145 potest

252 2161 325 2242 quis
341 2160 466 2222 bonum
481 2159 590 2223 facere
611 2168 646 2223 et
669 2158 767 2222 simul
790 2157 915 2221 malum
932 2157 1019 2221 velle
1035 2157 1154 2235 lacere,
1171 2177 1230 2222 seu
1245 2158 1371 2224 bonurn

251 2253 339 2317 velle
356 2264 391 2318 et
407 2273 538 2336 quoque
554 2251 690 2317 malum.

315 2346 425 2412 Omne
441 2349 567 2412 bonum
583 2347 672 2430 quod
689 2349 722 2410 in
742 2367 778 2409 se
793 2346 919 2410 bonum
935 2354 998 2420 est,
1015 2345 1168 2427 procedit
1191 2367 1236 2409 ex
1258 2346 1371 2411 interi·

251 2463 308 2505 ore
335 2441 533 2521 voluntate;
567 2463 612 2506 ex
638 2442 702 2517 hac
729 2439 906 2504 voluntate
933 2449 1126 2503 removetur
1157 2439 1282 2504 malum
1311 2460 1372 2522 per

276 2584 282 2596 .
322 2537 567 2618 poenitentiam
580 2557 588 2614 ;
615 2536 659 2600 ibi
682 2535 785 2599 etiam
808 2533 933 2597 residet
950 2532 1075 2596 malum
1098 2535 1131 2596 in
1155 2534 1245 2616 quod
1267 2535 1371 2598 homo

251 2603 282 2748 Ξ
322 2633 489 2708 nascitur;
512 2649 614 2712 quare
632 2630 694 2692 nisi
717 2629 961 2712 poenitentiam
977 2629 1059 2709 agit,
1076 2637 1229 2692 remanet
1246 2629 1370 2692 malum

321 2727 354 2787 in
377 2725 534 2788 interiore
550 2721 739 2798 voluntate,
756 2732 791 2786 et
811 2722 935 2784 bonum
959 2722 1112 2802 procedit
1135 2721 1179 2786 ab
1201 2723 1370 2786 exteriore

251 2817 440 2895 voluntate,
456 2819 505 2881 ita
527 2827 580 2880 est
603 2825 714 2880 status
737 2836 931 2898 perversus,
956 2816 1094 2878 interius
1116 2813 1286 2898 qualificat
1306 2837 1369 2880 ex·
1487 2882 1496 2900 ,

251 2915 365 2988 terius,
389 2922 424 2976 et
454 2930 522 2975 non
552 2912 703 2974 exterius
732 2911 880 2973 interius.
933 2909 1098 2972 Dominus
1127 2909 1220 2986 dicit,
1250 2909 1370 2993 Purga

245 3007 348 3088 prr'us
363 3006 504 3069 interius
515 3004 627 3086 poculi
640 3014 671 3067 et
680 3005 828 3086 patinae.

315 3099 380 3163 Est
396 3100 523 3162 homini
539 3098 666 3180 duplex
682 3097 850 3174 voluntas,
867 3097 1005 3160 interior
1020 3107 1055 3160 et
1071 3099 1229 3161 exterior.
1274 3097 1368 3162 Inte·

250 3195 316 3257 rior
337 3193 496 3257 voluntas
526 3191 717 3274 purificatur
747 3211 806 3274 per
835 3193 1091 3272 poenitentiam,
1115 3193 1265 3255 exterior
1287 3201 1368 3256 tunc

250 3290 375 3351 bonum
392 3287 470 3350 lacit
486 3307 531 3350 ex
548 3287 725 3364 interiore;
748 3295 784 3349 et
804 3285 928 3349 bonum
952 3286 1102 3349 exterius
1124 3305 1193 3349 non
1215 3297 1368 3350 removet

250 3381 376 3445 malum
392 3381 694 3462 concupiscentiae,
711 3400 770 3442 seu
785 3381 931 3443 radicem
948 3379 1035 3442 mali.

248 3573 272 3623 4.
299 3571 370 3628 Orod
385 3571 454 3623 sicut
468 3571 542 3622 tomo
559 3585 608 3623 non
628 3571 682 3623 vult
698 3571 785 3623 locare
801 3571 894 3622 molum
909 3537 1032 3638 proximo,
1045 3569 1082 3623 r'to
1102 3569 1205 3624 retitui
1219 3571 1306 3623 {acon
1323 3571 1368 3624 to·

348 3653 424 3696 num:
448 3642 476 3690 et
490 3651 540 3690 non
559 3636 679 3690 ricim'm.

312 3765 376 3828 Est
393 3766 518 3828 bonum
534 3764 641 3840 civile,
657 3773 711 3828 est
733 3763 857 3828 bonum
875 3762 1011 3839 morale,
1028 3773 1063 3828 et
1086 3774 1140 3828 est
1161 3764 1287 3828 bonurn
1299 3765 1366 3846 spi·

248 3859 377 3922 rituale.
423 3858 555 3921 Bonum
571 3867 754 3941 antequam
770 3858 873 3921 homo
889 3858 974 3940 fugit
992 3857 1080 3921 mala
1096 3867 1133 3922 ut
1149 3867 1291 3940 peccata
1313 3869 1366 3922 est

248 3953 374 4015 bonum
390 3951 486 4016 civile
502 3961 537 4016 et
554 3951 700 4030 morale;
724 3962 760 4016 at
776 3953 862 4016 sicut
884 3952 987 4015 homo
1010 3951 1095 4034 fugit
1118 3951 1207 4016 mala
1229 3961 1266 4016 ut
1289 3971 1367 4034 pec·

249 4056 326 4108 cata
342 4044 379 4108 fit
400 4046 525 4109 bonum
549 4055 620 4109 tam
643 4045 750 4122 civile,
768 4065 867 4129 quam
892 4046 1030 4122 morale,
1047 4047 1150 4110 etiam
1173 4045 1364 4128 spirituale,

248 4151 283 4203 et
300 4160 367 4202 non
384 4141 482 4222 prius.

312 4231 593 4314 Concupiscentia
622 4233 708 4298 latet
739 4235 838 4310 intus,
869 4244 904 4298 et
934 4243 1035 4298 extra
1062 4232 1245 4316 jucundum
1274 4232 1363 4316 ejus;

248 4347 348 4410 quare
365 4347 440 4391 cum
456 4327 559 4391 homo
575 4329 705 4411 cogitat
721 4349 766 4392 ex
783 4329 1057 4410 concupiscentia
1072 4338 1106 4392 et
1122 4326 1193 4410 ejus
1204 4327 1362 4408 jucundo,

247 4421 302 4485 uel
325 4420 502 4486 confirmat
525 4421 649 4485 malum
672 4431 708 4485 et
730 4423 837 4486 credit
860 4421 950 4504 quod
973 4422 1101 4486 licitum
1124 4423 1179 4498 sit,
1202 4431 1238 4486 et
1261 4421 1363 4487 sicin

248 4516 338 4579 malo
360 4525 424 4592 est,
451 4514 505 4578 vel
528 4536 595 4579 non
619 4517 749 4598 cogitat
772 4517 814 4580 de
837 4515 949 4600 aliquo
971 4515 1062 4580 malo
1084 4516 1172 4598 apud
1195 4535 1242 4592 se,
1258 4525 1294 4579 et
1316 4515 1362 4578 sic

248 4609 354 4674 credit
377 4629 413 4673 se
428 4610 598 4692 integrum
614 4631 698 4674 esse.
