3338 5300
304 659 345 725 50
773 657 945 712 cononis.

365 825 418 890 De
437 825 539 890 caelis
558 825 759 909 reliquarum
778 825 1008 890 Ecclesiarum
1028 835 1106 910 post
1123 825 1416 910 Antiquissimam,

300 920 455 984 videatur
476 921 509 984 in
532 921 653 984 eodem
677 920 840 1002 opusculo
863 921 905 984 de
927 919 1054 983 Amore
1078 919 1276 1004 Coryicga‘ali,
1300 923 1334 984 in
1356 941 1418 984 suo

301 1015 418 1078 ordine
439 1013 474 1097 (a
489 1035 521 1078 n.
540 1015 582 1095 76
599 1015 643 1078 ad
661 1017 701 1078 82
721 1014 792 1097 ibi).

364 1111 436 1192 38.
467 1109 638 1174 Infernum
664 1129 709 1172 ex
740 1109 886 1192 illisqui
916 1109 960 1172 ab
987 1108 1235 1192 Antiquissima
1261 1109 1419 1174 Ecclesia

300 1203 443 1280 suerunt,
461 1213 514 1269 est
529 1224 608 1286 prae
620 1203 775 1266 omnibus
788 1203 862 1267 aliis
873 1203 1010 1267 infernis
1022 1205 1281 1268 atrocissimum.
1325 1203 1418 1268 Con-

300 1299 391 1362 sistit
409 1319 453 1361 ex
473 1297 612 1380 illisqui
634 1298 667 1360 in
685 1298 811 1360 mundo
827 1299 1041 1362 crediderunt
1061 1319 1097 1361 se
1116 1319 1191 1362 esse
1207 1299 1294 1362 sicut
1313 1297 1416 1374 Deus,

301 1392 485 1455 secundum
505 1391 661 1455 dolosum
680 1391 818 1455 effatum
837 1390 1011 1474 Serpentis
1033 1389 1128 1473 (Gen.
1148 1393 1189 1454 iii.
1208 1391 1262 1474 5);
1285 1402 1321 1455 et
1340 1411 1417 1474 pro-

300 1485 432 1548 fundius
450 1487 483 1549 in
503 1485 562 1549 illo
584 1485 714 1550 inferno
733 1495 811 1549 sunt
834 1485 882 1550 illi
905 1487 960 1568 qui
981 1487 1043 1549 sibi
1066 1496 1304 1568 persuaserunt
1327 1485 1417 1568 quod

301 1599 435 1661 prorsus
462 1582 507 1643 dii
533 1589 660 1656 essent,
684 1601 729 1642 ex
756 1579 937 1662 phantasia
959 1579 1050 1662 quod
1078 1580 1171 1644 Deus
1195 1579 1418 1643 Divinitatem

301 1693 396 1736 suam
423 1675 639 1738 transfuderit
669 1675 703 1736 in
732 1674 897 1750 homines,
925 1683 961 1738 et
988 1676 1035 1738 sic
1062 1674 1152 1756 quod
1179 1693 1248 1737 non
1274 1673 1419 1756 amplius

301 1779 392 1832 esset
416 1768 508 1831 Deus
531 1770 564 1831 in
587 1769 753 1832 universo.
798 1767 855 1831 Ex
878 1768 949 1832 dira
971 1767 1030 1832 illa
1051 1769 1267 1850 persuasione
1286 1767 1419 1831 efflatur

301 1883 346 1925 ex
373 1861 432 1926 illo
461 1863 591 1926 inferno
620 1862 772 1926 funestus
801 1871 912 1944 putor,
939 1863 995 1944 qui
1024 1861 1129 1926 inficit
1155 1859 1320 1926 vicinias¹¹¹
1346 1871 1417 1925 tam

301 1955 394 2020 ferali
417 1957 497 2020 tabe
520 1967 557 2020 ut
579 1957 660 2020 dum
678 1957 797 2039 aliquis
819 1958 1047 2038 approximat,
1067 1967 1253 2038 occupetur
1275 1957 1417 2040 primum

302 2061 374 2114 tam
393 2050 571 2134 lymphato
590 2051 707 2114 delirio
730 2061 767 2114 ut
791 2069 873 2114 mox
897 2061 975 2134 post
998 2049 1166 2132 singultus
1183 2053 1339 2115 videatur
1356 2051 1418 2114 sibi

301 2147 491 2226 agonizare.
536 2145 617 2208 Vidi
629 2145 798 2227 quendam
815 2146 847 2208 in
861 2147 1048 2228 propinquo
1064 2145 1108 2208 ibi
1120 2145 1318 2209 occubuisse
1331 2147 1418 2210 sicut

302 2250 474 2319 mortuus;
494 2241 554 2304 sed
565 2236 797 2304 translatumffl
807 2241 885 2303 inde
895 2241 1068 2303 revixisse.
1100 2239 1417 2321 Jacetidinsernum

301 2335 336 2396 in
363 2335 474 2399 media
499 2334 601 2417 plaga
628 2333 847 2408 meridionali,
872 2335 996 2398 circum
1024 2331 1160 2398 duttum
1187 2333 1418 2416 vallis,.super

301 2429 420 2510 quibus
438 2437 533 2492 stant
555 2429 611 2510 qui
634 2429 820 2492 stentoriae
839 2429 941 2491 tubae
963 2448 1048 2492 voce
1071 2429 1233 2503 clamant,
1255 2427 1337 2492 “Ne
1359 2447 1417 2493 ac·

301 2522 386 2585 cede
412 2519 589 2605 propius!'¹”
633 2521 759 2584 Audivi
785 2543 830 2585 ex
853 2521 985 2603 angelis
1007 2523 1063 2604 qul
1085 2543 1184 2604 super
1206 2522 1266 2586 illo
1287 2521 1416 2586 inferno

302 2617 335 2679 in
366 2615 462 2679 caelo
492 2625 570 2678 sunt
600 2615 690 2697 quod
726 2616 998 2679 cacodaemones
1030 2617 1075 2679 ibi
1112 2625 1299 2699 appareant
1330 2617 1416 2680 sicut

301 2710 430 2774 colubri
448 2711 531 2774 torti
548 2711 582 2772 in
602 2711 707 2792 spiras
726 2710 990 2786 inextricabiles,
1007 2711 1097 2792 quod
1117 2710 1255 2774 trahunt
1274 2731 1319 2773 ex
1338 2711 1415 2773 sub·

301 2804 396 2868 lestis
419 2804 552 2868 illorum
575 2803 662 2866 dolis
685 2813 720 2867 et
743 2804 1041 2880 incantationibus,
1061 2805 1180 2886 quibus
1200 2803 1416 2886 pellexerunt

301 2897 471 2981 simplices
492 2898 535 2960 ad
558 2898 811 2961 assentiendum
831 2899 921 2980 quod
944 2900 1011 2961 sint
1034 2899 1090 2973 dii,
1110 2907 1145 2962 et
1168 2899 1258 2981 quod
1281 2918 1350 2961 non
1373 2899 1416 2962 sit

302 2992 394 3056 Deus
407 3002 542 3075 praeter
553 2991 639 3053 illos.
670 2991 820 3066 Vetusti,
833 2993 889 3074 qui
904 2993 1018 3054 omnia
1034 2993 1096 3055 sub
1111 2991 1230 3054 sabulis
1246 3001 1414 3055 contexu-

301 3095 410 3161 erunt,
438 3087 500 3148 hos
527 3084 770 3148 intellexerunt
797 3103 857 3167 per
880 3085 1090 3168 “gigantes''
1111 3086 1167 3168 qui
1195 3085 1414 3167 impugnave-

301 3189 379 3244 runt
398 3189 511 3243 castra
529 3179 679 3254 deorum,
699 3189 735 3243 et
754 3181 809 3261 qui
831 3200 852 3242 a
872 3179 957 3261 Jove
974 3199 1033 3262 per
1050 3179 1189 3242 fulmina
1207 3179 1277 3262 ejus
1295 3175 1415 3261 dejecti

301 3283 390 3348 sunt,
408 3283 443 3336 et
460 3274 521 3335 sub
537 3281 690 3336 montem
706 3273 914 3354 ignivomum
931 3273 1083 3337 Aetnam
1099 3273 1236 3348 detrusi,
1250 3282 1287 3337 et
1302 3273 1415 3337 vocati

303 3367 528 3449 “Cyclopes''
572 3366 625 3429 Illi
644 3367 748 3431 etiam
771 3368 898 3431 inferna
920 3367 1054 3431 illorum
1073 3375 1281 3431 vocaverunt
1301 3365 1414 3431 “Tar-

302 3459 405 3537 tara,”
423 3481 462 3525 ac
484 3459 644 3543 “Stagna
662 3461 900 3537 Acherontis,”
915 3483 954 3526 ac
971 3461 1136 3546 profunda
1150 3461 1195 3524 ibi
1212 3459 1415 3544 “Stygem’'

301 3565 337 3621 et
355 3554 432 3620 illos
447 3555 502 3640 qui
521 3555 566 3619 ibi
586 3555 788 3620 “Echidnas
804 3555 975 3620 Lernaeas
986 3555 1012 3636 ;''
1035 3565 1070 3620 et
1089 3557 1135 3620 sic
1155 3575 1265 3640 porro.
