3352 5298
508 726 558 778 ΕΤ
579 727 663 794 ans
685 721 887 782 noenius
906 729 1180 782 caussas-N.
1202 730 1229 800 5.
1395 735 1429 782 11

316 909 374 956 liant
386 909 473 969 augeli.
487 909 597 958 vidntur
608 911 634 958 lu
647 925 721 972 opere
736 913 775 960 De
790 913 860 960 Caelo
872 918 897 960 et
908 914 1012 976 Iason,
1026 927 1053 962 u.
1067 923 1189 975 seo-345:
1211 919 1237 962 et
1249 915 1318 974 quod
1338 913 1434 962 eaelum

316 989 431 1036 formetur
438 1003 517 1048 aeque
526 1004 542 1037 a
550 992 664 1050 gentibus
671 1005 746 1052 quam
756 1007 772 1040 s
780 993 928 1048 Christianis
938 1005 963 1042 u.
974 993 1100 1055 ³1⁸-3²⁸·i

378 1110 421 1178 4.
452 1096 556 1160 Porro
577 1098 669 1182 quod
695 1117 821 1164 novum
843 1099 908 1165 hoc
934 1099 1067 1164 caelum
1094 1099 1232 1178 attinet,
1256 1101 1432 1168 sciendum

316 1212 370 1267 est
392 1205 484 1288 quod
510 1205 544 1270 id
570 1204 769 1272 distinctum
798 1209 844 1272 sit
872 1227 893 1272 a
919 1207 1023 1273 caelis
1049 1209 1208 1292 antiquis,
1227 1209 1284 1292 qui
1310 1228 1433 1292 nempe

316 1311 449 1386 [uerunt
468 1323 550 1378 ante
566 1315 752 1380 adventum
765 1315 923 1398 Domini3
947 1318 1008 1381 sed
1024 1337 1129 1401 usque
1144 1317 1194 1382 illi
1209 1337 1286 1382 cum
1302 1317 1368 1382 hoc
1384 1320 1434 1382 ita

316 1421 462 1485 ordinati
485 1432 565 1487 sunt
587 1433 625 1488 ut
648 1443 751 1488 unum
774 1424 908 1489 caelum
935 1425 1035 1490 simul
1062 1426 1286 1492 constituant.
1331 1427 1433 1510 Quod

316 1528 382 1593 hoc
412 1549 537 1596 novum
561 1532 694 1598 caelum
717 1531 917 1598 distinctum
946 1535 991 1598 sit
1017 1555 1039 1598 a
1064 1533 1170 1599 caelis
1196 1537 1355 1620 antiquis,
1379 1545 1434 1600 est

317 1659 430 1716 causa,
441 1642 519 1725 quia
533 1643 567 1706 in
583 1644 731 1726 antiquis
749 1643 902 1708 ecclesiis
918 1663 986 1708 non
1003 1644 1070 1708 alia
1085 1643 1241 1710 doetrina
1254 1645 1316 1710 luit
1332 1665 1434 1729 quam

317 1745 471 1814 souma
489 1753 613 1816 amoris
628 1761 664 1816 et
679 1752 869 1830 charitatis,
883 1762 919 1818 et
938 1763 1020 1818 tunc
1040 1773 1109 1818 non
1125 1755 1297 1820 sciverunt
1312 1755 1355 1820 de
1371 1755 1434 1819 ali-

317 1877 382 1942 qua
394 1855 548 1924 doctrina
567 1859 643 1926 fidei
660 1871 859 1946 separatae:
883 1861 962 1927 inde
978 1880 1112 1947 quoque
1127 1871 1180 1926 est
1198 1863 1290 1946 quod
1305 1864 1435 1946 antiqui

317 1965 403 2030 caeli
421 1969 634 2034 constituant
650 1991 805 2054 expansa
822 1972 1006 2054 superiora,
1023 1990 1149 2036 novum
1167 1981 1283 2036 autem
1302 1971 1435 2036 caelum

317 2095 507 2158 expansum
525 2079 610 2142 inira
628 2079 725 2158 illos;
749 2099 829 2144 nam
845 2079 931 2144 caeli
947 2089 1027 2144 sunt
1042 2099 1198 2164 expansa
1213 2099 1317 2144 unum
1333 2100 1435 2163 supra

317 2181 473 2248 alterum.
519 2185 558 2250 In
582 2189 746 2270 supremis
769 2189 931 2272 expansis
954 2197 1034 2254 sunt
1055 2189 1112 2272 qui
1130 2187 1245 2270 angeli
1267 2188 1435 2253 caelestes
1499 2256 1502 2264 ,

317 2303 494 2370 vocantur,
511 2315 653 2377 quorum
669 2297 821 2380 plerique
839 2307 919 2361 sunt
938 2318 983 2361 ex
996 2297 1246 2380 Antiquissima
1258 2297 1435 2376 Ecclesia;
1503 2321 1511 2336 ·

317 2401 366 2465 illi
394 2404 451 2486 qui
472 2403 529 2480 ibi,
548 2403 664 2487 angeli
687 2405 856 2470 caelestes
874 2415 1050 2482 vocantur,
1070 2427 1115 2470 ex
1137 2425 1254 2470 amore
1281 2405 1434 2482 caelesti,

318 2511 375 2593 qui
395 2520 450 2575 est
472 2530 569 2576 amor
586 2513 619 2575 in
644 2513 848 2577 Dominum:
873 2515 906 2576 in
930 2515 1093 2597 expansis
1114 2515 1178 2578 sub
1192 2513 1259 2578 illis
1281 2523 1360 2578 sunt
1379 2515 1436 2597 qui

319 2619 433 2702 angeli
452 2622 645 2704 spirituales
663 2623 831 2700 dicuntur,
845 2643 987 2706 quorum
1006 2623 1156 2706 plerique
1175 2633 1254 2687 sunt
1270 2643 1315 2687 ex
1331 2621 1436 2686 Anti-

319 2748 386 2811 qua
410 2727 588 2810 Ecclesia;
619 2730 668 2794 illi
686 2732 742 2815 qui
772 2732 828 2809 ibi,
848 2731 963 2815 angeli
988 2729 1180 2815 spirituales
1202 2731 1370 2808 dicuntur,
1390 2752 1436 2795 ex

319 2825 435 2904 amore
451 2839 627 2923 spirituali,
647 2841 703 2924 qui
721 2849 776 2906 est
795 2841 945 2905 charitas
963 2861 1046 2924 erga
1063 2842 1276 2924 proximum:
1300 2840 1363 2904 sub
1384 2840 1437 2904 his

320 2959 399 3013 sunt
418 2949 532 3032 angeli
551 2951 607 3033 qui
625 2951 659 3013 in
678 2951 770 3015 bono
788 2949 866 3015 fidei
883 2960 973 3028 sunt,
990 2952 1046 3034 qui
1064 2960 1144 3015 sunt
1163 2953 1218 3034 qui
1233 2951 1341 3016 vitam
1359 2949 1437 3015 fidei

320 3059 499 3136 vixerunt;
523 3059 629 3122 vitam
645 3057 723 3124 fidei
737 3059 861 3136 vivere,
878 3069 932 3124 est
949 3061 1134 3124 secundum
1150 3057 1339 3124 doctrinam
1356 3079 1437 3124 suae

320 3164 506 3246 ecclesiae;
536 3175 573 3230 at
591 3167 706 3232 vivere
724 3177 778 3233 est
796 3167 887 3232 velle
905 3178 941 3232 et
959 3169 1079 3233 iacere.
1120 3168 1170 3233 At
1194 3189 1299 3252 usque
1318 3187 1437 3232 omnes
1460 3155 1462 3164 ’

320 3273 368 3338 illi
386 3274 473 3339 caeli
489 3295 592 3340 unum
610 3276 737 3342 iaciunt
753 3297 813 3360 per
824 3277 989 3370 inlluxum
1005 3279 1192 3342 mediatum
1208 3287 1243 3342 et
1259 3276 1436 3341 immedia-

320 3391 395 3444 tum
412 3403 433 3446 a
451 3381 612 3446 Domino.
655 3399 716 3458 (seo
728 3399 823 3459 plenior
835 3399 890 3448 rua
903 3401 934 3448 oe
949 3401 987 3447 us
1000 3401 1072 3447 mero
1085 3400 1169 3446 nausa
1182 3407 1262 3459 poter
1272 3413 1302 3445 ex
1316 3399 1362 3445 uu
1374 3411 1438 3457 quae

321 3478 345 3524 iu
356 3491 428 3538 opere
435 3477 475 3524 De
487 3479 557 3525 Caelo
566 3484 591 3525 et
599 3479 696 3540 larsem
706 3487 802 3526 ostensa
809 3486 871 3534 stant,
879 3487 903 3526 et
910 3479 943 3526 ibi
952 3481 978 3526 in
988 3480 1087 3526 arficulo
1095 3481 1127 3526 de
1136 3479 1233 3526 duobus
1244 3477 1365 3538 Reguisln
1376 3491 1439 3536 quae

322 3553 388 3601 cneu
402 3545 525 3614 ln'genere
535 3553 640 3602 munau
654 3561 718 3610 sunt,
728 3567 753 3602 u.
763 3557 845 3610 20-28.
857 3561 881 3602 et
890 3555 917 3601 ln
926 3555 1026 3602 arficfflo
1037 3555 1069 3601 de
1083 3555 1159 3600 tribus
1169 3554 1255 3609 Caelis.
1266 3567 1290 3601 u.
1302 3567 1390 3614 29-4o;
1407 3555 1439 3599 de

322 3628 420 3675 influxu
432 3630 536 3675 mediato
543 3637 568 3676 et
577 3629 724 3685 immediato,
731 3629 757 3676 in
767 3629 881 3677 collectis
890 3643 921 3676 ex
930 3629 1037 3676 Arcam's
1047 3630 1194 3684 caelestibus.
1202 3636 1257 3688 post
1266 3643 1290 3674 n.
1299 3630 1357 3688 ⁶03²
1373 3635 1397 3675 et
1407 3631 1439 3674 de

322 3701 432 3750 Eoelesils
452 3703 624 3762 Antiqumm
638 3709 663 3750 et
671 3703 785 3763 Antiqua.
793 3703 819 3750 iu
829 3704 947 3764 opusnrlo
957 3703 997 3750 De
1010 3704 1100 3752 Ultimo
1112 3702 1214 3766 Judicr'o
1224 3709 1248 3750 et
1256 3703 1390 3763 Babylonia
1400 3704 1439 3748 de-

320 3779 419 3834 rma,
430 3791 455 3826 n.
465 3777 515 3838 4⁶.)
526 3795 528 3800 ·

379 3901 422 3970 5.
455 3884 551 3949 Haec
571 3885 613 3949 de
632 3885 733 3950 Novo
750 3885 875 3966 Caelo;
899 3905 987 3948 nunc
1007 3885 1133 3968 aliquid
1151 3884 1195 3950 de
1214 3883 1313 3950 Nova
1331 3885 1437 3950 Terra

321 3995 462 4060 dicetur.
507 3995 569 4059 Per
595 4000 748 4059 “novam
775 3993 926 4059 terram”
948 3993 1152 4077 intelligitur
1177 4013 1267 4058 nova
1292 3993 1438 4060 ecclesia

321 4104 355 4168 in
382 4104 491 4180 terris,
514 4123 593 4168 nam
617 4123 694 4168 cum
720 4105 811 4187 prior
836 4103 983 4168 ecclesia
1009 4104 1134 4168 desinit
1163 4123 1250 4180 esse,
1277 4113 1358 4168 tunc
1384 4105 1436 4166 in·

321 4222 494 4278 stauretur
510 4233 531 4276 a
550 4213 700 4278 Domino
718 4233 826 4278 nova:
857 4213 1054 4296 providetur
1071 4212 1161 4276 enim
1184 4233 1205 4276 a
1227 4211 1376 4276 Domino
1398 4221 1437 4276 ut

321 4341 456 4406 semper
475 4323 620 4388 ecclesia
642 4325 739 4388 sitin
762 4323 872 4400 terris,
893 4341 972 4387 nam
994 4343 1055 4406 per
1073 4321 1254 4387 ecclesiam
1277 4331 1330 4386 est
1353 4341 1436 4386 con·

317 4431 447 4516 junctio
465 4435 604 4499 Domini
622 4455 699 4500 cum
718 4435 868 4501 humano
890 4455 1016 4522 genere
1034 4455 1074 4500 ac
1094 4435 1180 4500 caeli
1198 4454 1274 4502 cum
1298 4437 1435 4512 mundo,

321 4550 366 4614 ibi
393 4551 483 4614 enirn
506 4560 560 4614 est
589 4549 755 4614 Dominus
777 4558 890 4627 notus,
908 4559 944 4614 et
962 4549 1008 4614 ibi
1030 4559 1109 4614 sunt
1132 4549 1256 4613 Divina
1275 4568 1355 4612 vera
1377 4567 1437 4642 per

321 4679 408 4744 quae
426 4659 531 4725 homo
549 4659 785 4742 conjungitur:
808 4658 899 4744 quod
917 4659 1020 4724 hodie
1035 4677 1125 4724 nova
1142 4659 1288 4724 ecclesia
1306 4659 1435 4722 instau-
