3288 5294
492 669 541 724 m
563 671 647 740 EJus
670 671 1255 746 nocTR1NAcAELEsT1.-N.235.
1373 677 1431 746 13³

805 1146 943 1234 [xvm]

541 1401 614 1478 DE
647 1403 825 1480 CAELO
860 1403 928 1478 ET
963 1402 1213 1480 INFERNO.

313 1763 415 1870 Q*
427 1817 529 1884 UNT
544 1819 612 1885 duo
623 1842 710 1905 quae
722 1821 849 1888 faciunt
861 1823 969 1887 vitam
982 1821 1119 1905 spiritus
1134 1821 1435 1900 hominis,-amor

318 1825 422 2094 b
455 1923 492 1978 et
507 1913 591 1980 fides
606 1937 614 1994 ;
637 1935 734 1980 amor
748 1917 855 1980 vitam
871 1916 1061 1982 voluntatis
1077 1917 1158 2000 ejus,
1176 1929 1212 1983 et
1227 1917 1311 1982 fides
1325 1919 1434 1984 vitam

454 2007 650 2074 intellestus
665 2009 747 2093 ejus.
792 2010 903 2075 Amor
917 2011 998 2075 boni
1016 2023 1052 2076 et
1071 2013 1151 2078 inde
1166 2012 1251 2078 fides
1266 2013 1337 2078 veri
1354 2011 1435 2078 faci·

454 2113 516 2168 unt
540 2105 646 2168 vitam
669 2105 778 2185 caeli;
805 2125 845 2170 ac
868 2123 965 2169 amor
987 2105 1068 2169 mali
1091 2116 1126 2170 et
1151 2107 1230 2172 inde
1252 2106 1336 2172 fides
1359 2106 1434 2172 falsi

313 2197 440 2263 faciunt
459 2199 567 2262 vitam
585 2199 714 2264 inferni.

373 2307 465 2377 131.
493 2295 606 2358 Amor
620 2295 655 2358 in
671 2295 859 2360 Dominum
875 2304 911 2360 et
929 2313 1027 2360 amor
1041 2315 1125 2378 erga
1140 2297 1336 2380 proximum
1351 2296 1434 2363 saci·

315 2395 377 2450 unt
400 2385 545 2462 caelum,
569 2395 605 2450 et
631 2407 768 2470 quoque
791 2385 886 2463 fides,
910 2387 971 2451 sed
997 2386 1082 2451 haec
1105 2399 1271 2471 quantum
1295 2410 1340 2454 ex
1367 2389 1434 2454 illis

314 2480 486 2544 amoribus
504 2482 612 2544 vitam
631 2480 756 2560 habet3
785 2491 821 2545 et
845 2482 923 2565 quia
942 2491 1084 2564 uterque
1102 2481 1160 2546 ille
1178 2501 1275 2546 amor
1296 2492 1332 2548 et
1356 2483 1435 2548 inde

315 2571 399 2637 fides
427 2583 507 2638 sunt
534 2595 555 2638 a
584 2574 745 2651 Domino,
776 2575 855 2639 inde
884 2585 983 2658 patet
1013 2575 1104 2658 quod
1136 2575 1302 2640 Dominus
1331 2577 1434 2643 saciat

315 2669 459 2732 caelum.

374 2777 468 2847 131.
496 2763 640 2829 Caelum
656 2775 710 2829 est
726 2765 816 2848 apud
832 2765 1094 2849 unumquemvis
1110 2767 1297 2830 secundum
1313 2786 1435 2850 recep·

315 2855 445 2922 tionem
461 2859 586 2921 amoris
602 2867 638 2922 et
654 2857 732 2921 fidei
747 2877 768 2922 a
784 2857 954 2937 Domin03
977 2868 1013 2922 et
1029 2859 1085 2940 qui
1101 2857 1233 2922 caelum
1250 2879 1270 2922 a
1286 2855 1435 2923 Domino

315 2951 483 3034 recipiunt
506 2951 588 3016 dum
609 2953 729 3016 vivunt
754 2953 787 3016 in
815 2951 954 3029 mundo,
978 2951 1012 3015 in
1036 2951 1168 3016 caelum
1191 2953 1332 3017 veniunt
1355 2964 1435 3036 post

316 3055 473 3110 mortem.

375 3155 471 3225 133.
500 3141 567 3225 Qui
594 3141 729 3206 caelum
758 3162 779 3207 a
808 3141 960 3206 Domino
987 3142 1167 3224 recipiunt,
1193 3141 1242 3206 illi
1271 3149 1353 3208 sunt
1378 3143 1436 3227 qui

316 3233 448 3298 caelum
474 3235 509 3298 in
536 3255 573 3298 se
599 3234 742 3311 habent,
766 3253 846 3298 nam
869 3233 1002 3298 caelum
1024 3243 1079 3298 est
1102 3235 1136 3298 in
1159 3234 1318 3315 homine;
1343 3235 1435 3319 quod

316 3327 421 3392 etiam
440 3327 608 3392 Dominus
627 3328 742 3405 docet,

366 3460 449 3512 ”Non
458 3463 556 3521 dicent,
567 3461 690 3526 Regnum
705 3461 754 3512 Dei
766 3477 828 3513 ecce
839 3463 882 3513 hic
893 3471 943 3523 est,
952 3472 999 3513 aut
1008 3476 1069 3513 ecce
1082 3461 1151 3524 illic;
1168 3477 1229 3514 ecce
1238 3464 1310 3514 enim
1323 3477 1436 3528 regnum

448 3527 498 3578 Dei
512 3529 541 3578 in
552 3529 631 3578 vobis
642 3537 684 3579 est
692 3527 707 3550 ”
719 3527 792 3590 (Luc.
804 3529 867 3580 xvii.
880 3528 929 3592 21).

375 3681 473 3751 134.
501 3665 644 3732 Caelum
659 3665 750 3750 apud
766 3667 942 3740 hominem
958 3675 1013 3732 est
1027 3665 1062 3731 in
1078 3666 1216 3732 interno
1230 3665 1314 3749 ejus,
1331 3665 1380 3732 ita
1401 3667 1437 3732 in

316 3759 407 3824 velle
429 3771 465 3825 et
491 3761 647 3842 cogitare
669 3781 715 3824 ex
742 3780 859 3824 amore
885 3770 922 3824 et
948 3757 1025 3836 fide,
1049 3771 1086 3824 et
1113 3759 1191 3824 inde
1218 3760 1251 3823 in
1278 3769 1436 3837 externo,

316 3853 408 3937 quod
426 3861 480 3920 est
499 3873 545 3918 ex
565 3873 681 3918 amore
700 3863 736 3918 et
755 3852 821 3918 fide
840 3853 950 3918 facere
968 3863 1004 3918 et
1023 3853 1136 3938 loqui:
1161 3871 1229 3918 non
1249 3863 1364 3918 autem
1382 3863 1437 3920 est

316 3950 351 4012 in
369 3957 517 4013 externo
531 3948 659 4032 absque
675 3949 811 4013 interno
825 3967 833 4027 ;
857 3965 936 4011 nam
952 3947 1062 4012 facere
1078 3947 1166 4012 bene
1184 3957 1219 4012 et
1239 3947 1330 4032 loqui
1348 3948 1437 4014 bene

316 4055 459 4126 possunt
482 4063 602 4109 omnes
625 4044 838 4127 hypocritae,
858 4053 895 4108 at
919 4063 988 4107 non
1007 4041 1096 4107 velle
1114 4043 1203 4108 bene
1225 4051 1261 4107 et
1283 4043 1438 4126 cogitare

316 4139 414 4204 bene.

375 4249 472 4320 133.
500 4234 587 4301 Cum
603 4234 710 4299 homo
728 4235 761 4298 in
781 4233 928 4298 alteram
944 4233 1051 4298 vitam
1067 4232 1175 4308 venit,
1192 4232 1284 4315 quod
1306 4231 1345 4296 fit
1363 4242 1436 4297 sta·

317 4327 379 4392 tim
398 4337 476 4412 post
493 4337 652 4402 mortem,
667 4336 765 4408 patet
784 4345 865 4390 num
885 4327 918 4390 in
938 4347 980 4390 eo
995 4323 1128 4390 eaelum
1148 4325 1213 4404 εἰη
1237 4344 1305 4388 non
1321 4335 1436 4390 autem

317 4441 393 4486 cum
415 4424 450 4486 in
472 4423 602 4486 mundo
619 4423 726 4485 vivit:
755 4423 788 4486 in
811 4421 940 4490 mundo
962 4421 1053 4484 enim
1075 4427 1219 4502 apparet
1241 4428 1436 4495 externum,

316 4529 352 4582 et
369 4535 437 4580 non
453 4517 635 4591 internum,
647 4526 684 4580 at
700 4515 734 4578 in
750 4515 859 4579 altera
875 4515 947 4578 vita
962 4523 1059 4598 patet
1076 4513 1258 4590 internum,
1275 4511 1435 4595 quoniam

316 4609 422 4676 homo
440 4619 522 4675 tunc
542 4609 654 4694 quoad
673 4609 827 4693 spiritum
846 4609 943 4674 vivit.
