3338 5300
475 673 655 724 ECCLESIA
673 672 857 738 ANTIQUA.
906 673 1182 726 PROLOGUS-N
1208 676 1259 740 40.
1391 675 1425 741 51

694 1219 835 1270 LlsMMA
865 1220 1045 1272 TERTIUM.

312 1427 384 1502 DE
421 1427 674 1503 ECCLESIA
714 1429 1006 1513 NOACHICA,
1042 1430 1143 1504 SEU
1179 1429 1427 1526 ANTIQUA

633 1548 805 1647 HUJUS
831 1549 1107 1624 TELLURIS.

372 1979 447 2048 39.
478 1963 648 2048 Quoniam
678 1967 789 2030 omnis
819 1966 976 2032 Ecclesia
1006 1975 1059 2030 est
1089 1967 1188 2041 trina,
1220 1965 1340 2030 intima
1369 1985 1428 2031 seu

311 2058 479 2136 caelestis,
504 2060 615 2123 media
637 2081 697 2124 seu
723 2061 915 2144 spiritualis,
939 2070 974 2126 et
1001 2070 1146 2125 externa
1172 2081 1231 2124 seu
1254 2060 1426 2136 naturalis,

310 2153 388 2216 ideo
406 2163 475 2216 tres
498 2153 555 2217 lilii
577 2154 710 2218 luerunt
734 2154 888 2230 Noacho,
908 2165 943 2219 et
966 2175 1026 2238 per
1049 2153 1282 2218 “Schemum”
1301 2153 1427 2238 signifi·

311 2257 407 2311 catur
430 2247 586 2311 Ecclesia
608 2249 728 2312 intima
750 2269 809 2313 seu
832 2249 1001 2325 caelestis,
1025 2269 1085 2332 per
1109 2249 1341 2330 “Japhetum''
1359 2248 1429 2313 Ec·

311 2343 414 2406 clesia
440 2343 552 2405 media
578 2363 637 2406 seu
663 2343 855 2426 spiritualis,
883 2353 919 2408 et
946 2364 1005 2427 per
1031 2342 1248 2407 “Chamum”
1271 2341 1428 2406 Ecclesia

311 2447 455 2500 externa
470 2457 529 2500 seu
542 2437 714 2501 naturalis.
759 2437 863 2520 Apud
879 2459 963 2522 quos
976 2447 1091 2502 autem
1107 2457 1173 2500 una
1190 2437 1347 2501 Ecclesia
1362 2447 1426 2514 est,

311 2541 345 2595 et
369 2532 457 2614 apud
481 2552 565 2614 quos
588 2532 698 2596 altera
720 2542 755 2596 et
778 2535 890 2608 tertia,
915 2543 952 2597 ut
975 2543 1011 2596 et
1034 2531 1151 2614 quales
1174 2541 1253 2594 sunt
1276 2533 1309 2594 in
1333 2552 1369 2595 se
1392 2543 1428 2596 et

311 2625 399 2688 inter
417 2645 464 2702 se,
481 2645 550 2688 non
566 2637 667 2690 vacat
685 2627 739 2691 hic
763 2627 972 2706 describere;
996 2636 1075 2691 sunt
1090 2627 1180 2689 enim
1197 2625 1293 2700 caeli,
1311 2645 1427 2709 supre-

311 2737 413 2794 mum,
433 2721 592 2796 medium,
612 2730 648 2784 et
667 2719 842 2793 infimuml¹¹
858 2722 977 2804 quibus
996 2731 1065 2785 tres
1085 2719 1133 2783 illi
1157 2720 1280 2801 gradus
1304 2719 1427 2784 Eccle-

311 2813 379 2876 siae
392 2815 670 2897 correspondent.
715 2815 894 2879 Praeterea
907 2815 1081 2879 Noachica
1092 2814 1187 2889 haec,
1202 2835 1261 2877 seu
1274 2813 1428 2898 Antiqua

311 2906 477 2984 Ecclesia,
492 2929 551 2991 per
560 2918 671 2972 totam
682 2908 802 2973 Asiam
815 2910 966 2992 dispersa
977 2909 1048 2984 fuit,
1063 2909 1225 2992 imprimis
1237 2909 1270 2971 in
1282 2907 1425 2990 Syriam,

311 3001 608 3086 Mesopotamiam,
626 3002 815 3085 Assyriam,
833 3003 1053 3078 Chaldaeam,
1070 3003 1211 3066 Terram
1231 3001 1426 3066 Canaanem

310 3105 346 3161 et
371 3097 510 3161 vicinias
536 3097 616 3180 ejus,
642 3097 894 3174 Philisthaeam,
920 3097 1131 3180 Aegyptum,
1156 3097 1295 3178 Tyrum,
1325 3097 1426 3160 Zido-

311 3209 399 3268 nem,
425 3191 593 3268 Ninivem,
618 3201 653 3257 et
675 3213 809 3276 quoque
831 3194 864 3256 in
889 3191 1052 3255 Arabiam
1075 3201 1110 3255 et
1134 3190 1366 3274 Aethiopiam,
1386 3211 1426 3256 ac

311 3287 473 3368 temporis
496 3283 606 3350 tractu
628 3288 662 3350 in
680 3287 872 3351 Tartariam
893 3287 1066 3368 Magnam,
1087 3295 1122 3349 et
1145 3285 1269 3349 abinde
1287 3285 1427 3350 deorsus

311 3381 476 3463 usquead
496 3381 642 3445 Pontum
661 3381 845 3456 Euxinum,
865 3391 901 3445 et
919 3382 963 3444 ab
981 3382 1045 3444 hoc
1065 3382 1098 3443 in
1118 3399 1237 3443 omnes
1255 3377 1427 3444 districtus

310 3474 457 3538 Africae.
502 3473 603 3556 Quod
622 3485 745 3558 gentes
764 3477 871 3538 ubivis
890 3485 1054 3539 terrarum
1077 3473 1224 3538 incultu
1246 3495 1292 3538 ex
1314 3474 1427 3557 aliqua

310 3567 473 3652 religione
489 3569 621 3646 suerint,
639 3579 757 3634 notum
775 3580 847 3648 est;
871 3589 910 3634 ac
926 3569 1046 3651 religio
1065 3589 1133 3632 non
1152 3568 1273 3631 dabilis
1291 3579 1344 3632 est
1364 3571 1426 3632 nisi

310 3683 370 3746 per
391 3663 561 3746 quandam
584 3663 823 3740 revelationem,
844 3675 883 3728 et
906 3683 965 3746 per
987 3661 1083 3745 hujus
1105 3663 1387 3745 propagationem
1407 3685 1426 3732 a

310 3767 416 3840 gente
431 3759 474 3821 ad
490 3767 642 3840 gentem,
662 3757 728 3842 [ut]
748 3759 903 3823 videatur
918 3759 951 3821 in
964 3779 1066 3841 opere
1079 3757 1319 3840 praecedente,
1341 3757 1426 3822 Vera

313 3850 512 3918 Chnktebna
536 3853 667 3935 Religio
692 3851 741 3935 (n.
770 3851 951 3936 273-276);
985 3853 1041 3916 ubi
1062 3853 1170 3916 etiam
1197 3848 1343 3915 evictum
1373 3863 1426 3916 est

310 3946 401 4030 quod
419 3956 500 4010 ante
519 3947 670 4011 Verbum
691 3947 913 4011 Israeliticum
932 3947 1029 4010 suerit
1048 3945 1210 4020 Verbum,
1228 3945 1318 4027 quod
1337 3955 1425 4009 tem-

310 4061 391 4123 pore
409 4041 622 4123 deperditum
641 4051 713 4120 est;
738 4043 797 4106 sed
820 4061 924 4124 usque
943 4061 988 4105 ex
1008 4040 1132 4103 Divina
1151 4039 1289 4103 Domini
1308 4039 1424 4102 Provi-

310 4134 427 4198 dentia
449 4137 482 4198 in
501 4135 657 4200 Tartaria
679 4135 808 4218 Magna
830 4144 1080 4210 conservatum,
1100 4153 1146 4197 ex
1171 4130 1266 4216 [quo]
1291 4131 1425 4197 illorum

311 4227 422 4292 cultus
441 4229 582 4293 Divinus
597 4251 701 4314 usque
724 4231 768 4294 ad
790 4229 892 4294 bodie
910 4239 964 4293 est
975 4249 983 4308 ;
1012 4229 1055 4292 de
1073 4247 1140 4310 quo
1158 4229 1262 4291 etiam
1281 4227 1315 4290 in
1334 4225 1426 4290 dicto

311 4343 413 4406 opere
434 4321 480 4406 (n.
498 4323 654 4403 264-266,
672 4323 760 4408 279).

372 4433 448 4501 40.
481 4415 565 4500 Quis
581 4417 704 4482 infitias
720 4420 766 4484 ire
782 4427 898 4502 potest
913 4417 991 4501 quin
1008 4415 1198 4480 universum
1214 4423 1365 4479 creatum
1381 4413 1426 4478 sit

311 4521 450 4596 propter
481 4512 665 4576 humanum
692 4533 811 4596 genus,
839 4522 876 4577 ut
906 4533 951 4576 ex
981 4511 1041 4576 illo
1069 4510 1269 4575 formaretur
1294 4507 1425 4572 caelum

311 4605 502 4690 angelicum
521 4608 641 4691 inquo
657 4607 750 4672 Deus
768 4609 801 4671 in
820 4607 970 4671 dominio
988 4605 1117 4689 gloriae
1136 4624 1215 4669 suae
1233 4601 1426 4668 habitaret?
