3282 5294
283 673 323 740 16
688 687 738 740 ou
761 687 996 741 ennarrans.

279 855 307 910 ἃ.
332 855 405 914 duod
420 857 496 924 qualo
508 853 625 936 proximi
637 854 676 910 eit
690 856 832 911 mundum
848 858 925 926 qualo
938 855 999 910 torri
1012 857 1085 925 opud
1098 857 1232 918 bornhem,
1249 873 1299 914 eeu
1315 860 1401 928 quotie

379 923 453 976 tomo
466 923 527 975 rau·
536 935 680 990 proximus.

344 1041 446 1124 Quod
471 1062 539 1105 non
564 1043 675 1105 omnis
698 1042 804 1107 homo
827 1043 872 1106 sit
895 1043 1015 1108 similis
1035 1047 1214 1128 proximus
1238 1055 1275 1110 ut
1298 1047 1398 1122 alter,

278 1141 382 1202 docet
397 1137 560 1219 parabola
573 1137 711 1201 Domini
731 1139 776 1202 de
787 1137 969 1202 vulnerato
988 1159 1008 1202 a
1027 1140 1229 1216 latronibus,
1246 1142 1302 1204 ubi
1315 1143 1398 1206 dici·

278 1244 332 1296 tur
350 1233 441 1314 quod
461 1232 519 1295 ille
539 1233 584 1294 sit
602 1233 788 1314 proximus.
810 1233 864 1314 qui
884 1253 986 1314 opem
1006 1234 1084 1296 tulit
1104 1237 1145 1298 ei.

342 1325 409 1408 Qui
440 1347 508 1390 non
538 1327 719 1409 distinguit
750 1329 944 1410 proximum
968 1329 1156 1393 secundum
1185 1331 1286 1413 quale
1317 1332 1397 1395 boni

278 1433 313 1486 et
333 1423 402 1486 veri
423 1422 512 1504 apud
532 1421 639 1492 illum.
654 1431 771 1504 potest
790 1421 912 1487 millies
932 1423 1063 1505 decipi;
1087 1423 1125 1487 fit
1144 1425 1295 1490 charitas
1314 1446 1396 1491 con·

276 1518 350 1581 susa
368 1528 403 1580 et
421 1519 563 1582 tandem
584 1517 698 1595 nulla;
723 1527 840 1598 potest
859 1517 964 1582 homo
980 1520 1137 1584 diabolus
1154 1521 1314 1598 clamare,
1331 1544 1398 1605 ego

276 1633 350 1676 sum
375 1615 563 1695 proximus,
588 1612 640 1676 fac
671 1611 753 1675 mihi
776 1611 926 1688 bonum;
965 1625 1001 1677 et
1032 1615 1059 1678 si
1089 1615 1171 1679 facis
1195 1619 1225 1680 ei
1256 1617 1394 1692 bonum,

276 1718 394 1789 potest
414 1709 572 1772 occidere
592 1717 628 1772 te
647 1718 706 1772 aut
726 1706 835 1786 alios3
862 1709 924 1770 das
944 1707 1092 1774 cultrum
1111 1721 1170 1776 aut
1190 1712 1344 1794 gladium
1363 1714 1396 1776 in

277 1822 425 1880 manum,

340 1897 519 1980 Simplices
530 1901 579 1962 ita
589 1898 718 1962 faciunt
733 1919 741 1974 ;
760 1899 879 1962 dicunt
890 1898 981 1980 quod
993 1901 1104 1963 omnis
1114 1900 1219 1966 homo
1232 1903 1276 1966 sit
1289 1922 1396 1985 aeque

275 1995 463 2076 proximus,
481 1997 520 2057 ct'
537 2003 610 2057 tum
627 1993 718 2076 quod
735 1995 799 2056 rati
818 1996 931 2076 operis
945 2015 1012 2057 non
1032 1995 1076 2058 sit
1092 1997 1275 2078 explorare
1287 1999 1395 2082 qualis

274 2097 339 2160 est,
354 2088 415 2150 sed
432 2087 497 2151 hoc
514 2086 689 2170 spectetur
700 2109 722 2152 a
737 2089 814 2152 Deo
829 2109 836 2166 ;
861 2091 965 2153 modo
977 2111 1079 2172 opem
1096 2091 1202 2156 ieram
1216 2095 1393 2175 proximo:

275 2182 335 2244 sed
356 2201 461 2263 usque
484 2182 550 2244 hoc
575 2202 644 2244 non
668 2192 721 2246 est
745 2201 860 2246 amare
881 2186 1087 2265 proximum.
1135 2186 1199 2250 llle
1221 2189 1277 2269 qui
1301 2197 1395 2252 amat

274 2277 467 2358 proximum
488 2298 534 2340 ex
550 2278 700 2358 genuina
715 2277 896 2352 charitate,
915 2281 1063 2361 exquirit
1080 2281 1190 2363 qualis
1206 2281 1311 2347 homo
1326 2295 1392 2358 est,

273 2381 309 2434 et
329 2372 477 2460 discrete
497 2372 685 2435 secundum
705 2372 805 2454 quale
824 2373 951 2438 bonum
971 2375 1041 2455 ejus
1058 2376 1236 2440 benefacit.

336 2465 517 2548 Simplices
525 2467 612 2530 tales
623 2468 655 2530 in
667 2467 777 2530 altera
788 2469 860 2532 vita
868 2469 1115 2533 abstrahuntur
1124 2481 1159 2535 et
1171 2482 1371 2553 separantur
1384 2496 1391 2550 ;

273 2581 351 2624 nam
372 2563 398 2624 si
416 2563 506 2626 inter
522 2563 659 2644 spiritus
675 2562 865 2627 diabolicos
881 2565 1034 2638 veniunt,
1049 2565 1245 2630 alliciuntur
1263 2569 1307 2630 ad
1327 2569 1393 2632 illis

272 2655 614 2729 benefaciendumac
623 2659 666 2721 ad
678 2657 962 2722 malefaciendum
972 2661 1069 2723 bonis
1085 2681 1092 2737 ;
1112 2661 1392 2735 clamant‚libera

272 2771 337 2826 me,
359 2753 531 2832 opitulare
550 2753 642 2816 mihi.
689 2752 766 2816 Hoc
791 2763 846 2817 est
865 2755 1053 2817 maximum
1073 2756 1175 2818 robur
1195 2758 1286 2839 quod
1310 2760 1391 2823 mali

271 2847 333 2910 sibi
350 2848 529 2930 acquirunt
545 2869 552 2925 ;
577 2849 706 2931 absque
722 2869 787 2930 ope
803 2859 839 2913 et
856 2851 952 2932 quasi
965 2847 1204 2931 conjunctione
1221 2871 1297 2916 curn
1313 2854 1389 2929 illis,

270 2961 406 3022 prorsus
420 2942 503 3005 nihil
514 2942 653 3021 valent3
673 2944 733 3007 sed
748 2943 917 3019 cumillis,
932 2965 1018 3026 quos
1031 2965 1091 3028 per
1103 2965 1228 3010 nomen
1242 2950 1388 3030 proximi

269 3037 491 3119 deceperunt,
511 3037 638 3102 valent.

293 3183 301 3197 .
387 3131 466 3213 Ipsa
483 3133 631 3213 genuina
643 3133 791 3197 charitas
804 3142 858 3198 est
875 3134 1024 3216 prudens
1040 3144 1076 3198 et
1096 3136 1233 3218 sapiens
1247 3157 1255 3214 ;
1279 3135 1390 3200 altera

269 3203 301 3278 m·
326 3227 476 3292 charitas
495 3239 549 3293 est
569 3230 691 3312 spuria.
706 3230 784 3312 quia
803 3229 912 3293 solum
933 3241 986 3294 est
1006 3230 1200 3296 voluntaria
1219 3251 1278 3296 seu
1296 3233 1386 3308 boni,

324 3335 360 3390 et
380 3344 449 3388 non
469 3325 569 3389 simul
589 3323 835 3390 intellectualis
854 3347 913 3390 seu
933 3328 1013 3390 veri.

266 3525 292 3585 4,
318 3525 390 3582 duod
399 3527 500 3594 prorius
511 3525 624 3594 proximi
638 3527 677 3581 ait
690 3526 835 3604 secundus»
845 3525 948 3606 paudus
962 3527 1023 3580 tour·
1037 3532 1066 3580 et
1086 3527 1144 3581 mi
1154 3529 1226 3596 apud
1242 3528 1388 3588 homiaem,-

365 3593 473 3662 prolude
485 3594 554 3661 quod
562 3609 612 3648 aon
627 3609 694 3646 umrs
705 3593 781 3647 tomo
791 3598 830 3648 art
839 3609 865 3647 m
879 3594 960 3648 ormrlr‘
966 3594 1052 3663 produ
1060 3595 1197 3663 proximus
1208 3596 1254 3664 [ut
1262 3595 1353 3663 «Μ,

330 3711 464 3776 Bonum
484 3713 671 3775 secundum
691 3713 818 3795 gradus
833 3713 1053 3795 distinguitur
1075 3713 1108 3778 in
1128 3714 1256 3778 bonum
1274 3714 1385 3788 civile,

265 3807 393 3872 bonum
412 3807 552 3880 morale,
573 3815 609 3870 et
629 3807 755 3870 bonum
775 3807 961 3889 spirituale.

329 3902 508 3965 Proximus
528 3920 628 3983 quem
648 3901 752 3966 homo
772 3925 817 3967 ex
836 3901 1008 3968 charitate
1020 3904 1161 3978 amabit,
1175 3905 1239 3969 erit
1258 3905 1383 3968 bonum

264 3996 441 4078 spirituale
457 4018 464 4073 ;
488 3995 617 4078 absque
636 3995 702 4060 hoc
722 3998 814 4061 bono
827 4017 896 4061 non
916 4008 969 4062 est
987 3999 1148 4074 charitas,
1162 4018 1242 4063 nam
1258 3999 1382 4062 bonum

264 4091 440 4154 charitatis
459 4099 513 4154 est
532 4091 659 4154 bonum
677 4091 863 4174 spirituale,
881 4094 1041 4174 quoniam
1058 4094 1247 4161 secundum
1268 4093 1303 4158 id
1322 4093 1383 4157 bo-

263 4205 344 4248 num
364 4185 584 4267 conjungitur
602 4187 745 4269 quisque
765 4188 797 4250 in
818 4187 934 4251 caelis.

327 4279 460 4343 Bonum
481 4280 622 4356 morale,
643 4283 735 4364 quod
759 4291 813 4346 est
832 4281 943 4364 ipsum
963 4283 1091 4347 bonum
1110 4281 1308 4355 humanum,
1329 4289 1382 4344 est

263 4375 354 4438 enim
384 4374 512 4438 bonum
535 4377 708 4440 rationale
731 4378 919 4441 secundum
943 4379 1033 4460 quod
1057 4379 1142 4442 vivit
1172 4377 1277 4441 homo
1306 4394 1382 4440 cum

261 4469 399 4533 homine
416 4480 453 4532 ut
467 4469 570 4534 irater
580 4481 616 4536 et
627 4473 750 4547 socius,
762 4483 816 4537 est
829 4475 1006 4557 proximus
1019 4483 1186 4557 quantum
1197 4473 1263 4537 hoc
1277 4471 1383 4537 trahit

262 4584 306 4628 ex
326 4565 418 4628 bono
434 4565 621 4647 spirituali;
646 4587 725 4631 nam
745 4568 872 4634 bonum
889 4569 1018 4633 morale
1034 4569 1161 4651 absque
1177 4568 1270 4632 bono
1286 4567 1381 4650 spiri·

262 4657 346 4723 tuali
358 4669 411 4724 est
429 4661 556 4725 bonum
573 4671 768 4742 externum,
782 4672 836 4728 est
855 4673 1023 4730 externae
1038 4663 1239 4741 voluntatis,
1253 4681 1293 4728 ac
1314 4681 1382 4726 non
