3322 5298
275 650 316 714 28
550 663 726 716 canonas
748 663 878 717 novas
901 663 1116 716 accussma.

337 847 367 916 7.
400 831 692 992 Quoffiominus
715 855 784 900 non
806 836 956 920 potuerit
979 836 1078 902 aliter
1100 833 1170 900 fieri
1190 835 1331 918 Justitia
1354 845 1391 902 et

519 949 537 993 e
563 931 703 1012 emptio.

338 1023 367 1086 8.
398 1021 518 1180 Quod)
530 1023 639 1132 simile
668 1023 729 1088 liat
759 1044 836 1090 cum
866 1024 1004 1090 homine
1033 1026 1090 1109 qui
1118 1035 1340 1108 regeneratur
1369 1046 1390 1090 a

520 1137 645 1182 ummo.

335 1230 365 1295 9.
401 1211 477 1277 Hoc
494 1213 538 1276 ab
555 1214 778 1296 experientia,
799 1214 941 1290 ratione,
959 1223 995 1278 et
1018 1213 1191 1298 Scriptura
1209 1213 1325 1280 Sacra.

623 1599 782 1666 CAPUT
805 1599 1064 1667 SEPTIMUM.

273 1783 386 1869 Quoo
419 1786 598 1852 Doumus
634 1800 820 1852 vurvumr
856 1787 1030 1853 Drvnvuu
1067 1787 1209 1853 Vanum
1247 1787 1390 1854 Drvruo

402 1880 511 1946 Bono
542 1895 591 1946 nc
624 1881 799 1947 Drvuvurt
828 1881 969 1946 Bonum
998 1881 1141 1946 Drvrno
1171 1882 1295 1958 Vuno,
1325 1896 1391 1948 rra

400 1975 605 2040 Hunnorum
627 1989 706 2040 cun
725 1975 868 2040 D1v1N0
891 1975 1030 2041 Pn‘rms
1053 1988 1101 2039 ar
1125 1975 1298 2042 Drvmvu
1321 1977 1390 2040 Pn-

400 2082 486 2134 mus
504 2082 583 2134 cun
603 2069 788 2145 Humano,
808 2083 879 2134 aaa
895 2069 1181 2146 Taurnvrouas,
1201 2082 1249 2133 ar
1268 2083 1390 2134 susus

399 2177 470 2227 aaa
489 2164 707 2228 Pnssrousn
726 2163 875 2229 Caucrs.

339 2353 365 2400 1.
396 2333 498 2420 Quod
518 2337 685 2401 Dominus
702 2338 736 2401 in
755 2337 883 2402 mundo
899 2339 1111 2402 tentationes
1127 2357 1251 2420 graves
1269 2347 1305 2403 et
1324 2342 1386 2402 im·

483 2451 601 2496 manes
624 2433 669 2496 ab
692 2431 828 2496 infernis
855 2433 888 2496 in
916 2430 961 2496 Se
989 2432 1164 2496 admiserit
1190 2442 1227 2496 et
1254 2433 1389 2496 subive-

483 2527 538 2602 rit,
558 2535 594 2590 et
617 2527 708 2610 quod
727 2527 864 2600 demum
884 2525 1040 2591 ultimam
1057 2526 1203 2604 illarum,
1223 2547 1310 2611 quae
1328 2527 1389 2593 luit

481 2621 596 2704 passio
614 2623 732 2686 crucis.

334 2731 364 2780 2.
403 2713 505 2798 Quod
536 2715 702 2778 Dominus
732 2715 766 2778 in
796 2716 1047 2780 tentationibus
1077 2715 1280 2799 pugnaverit
1312 2735 1389 2781 cum

482 2807 631 2884 infernis,
651 2827 691 2872 ac
710 2807 769 2872 illa
784 2810 904 2874 vicerit
923 2819 959 2873 et
979 2808 1220 2891 subjugaverit.

336 2919 365 2984 3.
397 2900 498 2985 Quod
522 2923 583 2986 per
600 2903 633 2966 id
656 2903 786 2967 inferna
804 2905 837 2967 in
857 2903 1011 2968 ordinem
1030 2904 1211 2985 redegerit,
1231 2913 1267 2968 et
1290 2904 1389 2969 simul

483 3007 565 3061 tunc
588 2997 703 3061 caelos
727 2997 783 3060 ubi
805 2997 931 3080 angeli,
951 3007 988 3062 et
1006 2998 1188 3062 ecclesiam
1205 2999 1260 3063 ubi
1278 2999 1389 3064 homi·

483 3112 563 3169 nes;
593 3092 753 3175 quoniam
776 3093 873 3156 unius
897 3103 1009 3158 status
1032 3093 1076 3156 ab
1098 3093 1238 3158 alterius
1261 3094 1389 3178 pendet

482 3186 710 3250 continenter.

333 3297 364 3362 4.
395 3279 497 3362 Quod
524 3279 692 3344 Dominus
715 3281 820 3344 etiam
848 3301 908 3364 per
930 3283 1143 3346 tentationes
1165 3291 1201 3347 et
1229 3283 1388 3366 reproba-

482 3376 606 3450 tiones,
626 3385 662 3439 et
681 3375 803 3440 ultimo
822 3396 882 3459 per
900 3379 1093 3459 passionem
1113 3380 1232 3455 crucis,
1252 3399 1388 3462 reprae-

481 3470 670 3534 sentaverit
701 3479 832 3534 statum
863 3471 1040 3548 ecclesiae,
1073 3473 1182 3555 qualis
1215 3483 1297 3537 tunc
1328 3473 1389 3538 luit

482 3563 595 3646 quoad
616 3563 776 3628 Divinum
793 3563 934 3640 Verum,
951 3567 1001 3630 ita
1019 3566 1132 3649 quoad
1149 3565 1311 3632 Verbum.

336 3671 364 3742 5.
396 3655 498 3740 Quod
518 3657 685 3722 Dominus
703 3678 764 3741 per
781 3657 1017 3742 impletionem
1037 3659 1154 3736 Verbi,
1174 3671 1210 3726 et
1233 3682 1293 3744 per
1311 3671 1389 3727 ten·

482 3753 644 3828 tationes,
658 3761 693 3817 et
710 3753 812 3836 plene
827 3773 887 3836 per
902 3753 1036 3817 illarum
1052 3754 1208 3818 ultimam
1223 3776 1311 3839 quae
1327 3756 1389 3822 luit

482 3849 596 3929 passio
614 3849 732 3924 crucis,
750 3845 991 3931 glorificaverit
1011 3849 1238 3914 Humanum.¹

332 3939 364 4009 6.
395 3939 497 4028 Quod
516 3943 564 4008 sic
583 3941 759 4008 sustulerit
775 3943 1031 4006 damnationem
1048 3943 1286 4020 universalem,
1303 3965 1390 4028 quae

481 4059 551 4103 non
574 4037 678 4102 modo
701 4037 773 4102 orbi
791 4036 988 4102 Christiano
1006 4038 1067 4101 sed
1090 4039 1194 4102 etiam
1218 4038 1291 4102 orbi
1314 4039 1388 4102 nni-

481 4153 580 4198 verso
598 4142 635 4198 et
651 4153 784 4217 quoque
802 4132 900 4196 caelo
919 4133 1077 4215 angelico
1095 4133 1275 4196 imminuit.

316 4242 365 4312 ¹7.
400 4225 502 4310 Quod
532 4228 598 4292 hoc
625 4225 840 4310 intelligatur
866 4247 926 4310 per
954 4228 1074 4310 “quod
1101 4236 1247 4310 peccata
1273 4227 1389 4292 mundi

483 4324 674 4406 portaverit
693 4332 729 4387 et
748 4319 952 4386 sustulerit.”

334 4417 363 4483 8.
398 4415 500 4500 Quod
530 4418 744 4482 tentationes
770 4425 806 4480 et
832 4416 1091 4499 reprobationes
1117 4415 1280 4479 subiverit
1307 4413 1387 4478 dum

480 4509 541 4576 luit
556 4511 590 4576 in
608 4519 703 4576 statu
714 4511 786 4576 veri
804 4529 967 4588 seorsum,
985 4511 1041 4594 qui
1059 4509 1120 4574 suit
1140 4518 1252 4574 status
1268 4509 1389 4574 exina-

481 4604 619 4671 nitionis
635 4604 754 4689 ipsius.
