3352 5298
592 679 644 731 DE
666 677 772 732 Nova
794 677 1071 732 HIEROSOLYMA

403 849 570 900 visitaverint
583 848 683 912 Ipsum,
693 858 720 899 et
731 849 759 900 in
771 863 876 899 earcere
888 849 1012 899 venerint
1026 849 1059 898 sd
1073 846 1180 911 ipsum:
1199 857 1226 898 et
1237 848 1307 906 dein,
1317 847 1387 911 quod

403 925 531 978 quantum
543 915 656 964 iecerint
668 915 716 964 uni
729 929 762 964 ex
774 914 901 964 iratribus
913 914 969 966 suis
984 915 1110 972 minimis,
1124 913 1179 976 lpsi
1191 913 1303 964 iecerint
1317 913 1388 974 (xxv.

404 980 504 1044 aeto)-

275 1127 315 1190 In
334 1126 401 1190 illis
419 1147 482 1192 sex
499 1129 597 1192 bonis
613 1128 647 1192 in
663 1116 829 1211 spirituali
844 1145 946 1190 sensu
961 1123 1146 1191 intellectis
1163 1125 1388 1208 comprehen-

274 1221 401 1285 duntur
409 1223 523 1285 omnia
535 1241 662 1304 genera
674 1221 832 1304 proximi.
874 1219 959 1283 Inde
972 1221 1076 1284 etiam
1092 1231 1188 1303 patet
1201 1220 1302 1302 quod,
1311 1237 1388 1284 cum

274 1323 407 1378 amatur
422 1315 560 1390 bonum,
577 1325 710 1379 ametur
726 1314 902 1389 Dominus,
917 1312 1083 1376 Dominus
1103 1315 1192 1377 enim
1212 1324 1265 1377 est
1283 1333 1304 1376 a
1321 1332 1389 1395 quo

275 1409 411 1484 bonum,
428 1409 485 1492 qui
502 1410 536 1472 in
555 1409 657 1484 bono,
675 1419 711 1472 et
729 1409 785 1492 qui
803 1408 913 1490 ipsum
933 1407 1075 1471 Bonum.

332 1519 402 1585 91.
430 1501 560 1566 Verum
576 1523 645 1568 non
658 1505 762 1568 modo
778 1503 883 1566 homo
899 1503 932 1566 in
947 1503 1115 1585 singulari
1129 1513 1182 1566 est
1199 1503 1387 1585 proximus,

274 1595 334 1657 sed
354 1595 458 1659 etiam
474 1594 578 1660 homo
597 1597 631 1660 in
654 1595 794 1678 plurali;
818 1605 872 1660 est
891 1614 1037 1678 namque
1055 1596 1203 1658 societas
1222 1596 1330 1658 minor
1352 1603 1389 1656 et

274 1688 390 1770 major,
404 1699 457 1753 est
473 1691 594 1772 patria,
609 1701 663 1754 est
678 1687 836 1765 ecclesia,
850 1701 903 1754 est
918 1709 1061 1772 regnum
1076 1690 1223 1762 Domini,
1238 1698 1273 1752 et
1289 1707 1390 1770 super

274 1801 392 1847 omnes
411 1793 465 1848 est
489 1784 566 1866 lpse
586 1783 771 1848 Dominus:
799 1783 833 1846 hi
853 1794 932 1849 sunt
952 1785 1128 1867 proximus
1143 1783 1265 1866 vquibus
1283 1783 1388 1846 bene·

274 1877 463 1941 iaciendum
488 1888 541 1941 est
564 1899 609 1941 ex
632 1896 758 1942 amore.
803 1875 890 1942 Sunt
913 1880 1017 1943 etiam
1041 1878 1075 1940 hi
1099 1879 1223 1958 gradus
1242 1875 1389 1959 proximi

273 1972 520 2050 ascendentes;
544 1973 578 2035 in
597 1971 759 2053 superiori
774 1973 864 2036 enim
880 1973 989 2054 gradu
1007 1981 1061 2036 est
1078 1974 1226 2035 societas
1246 1969 1389 2053 plurium

274 2084 374 2147 quam
391 2065 494 2130 homo
507 2066 686 2148 singularis
699 2087 706 2145 ;
726 2066 759 2129 in
776 2067 886 2130 adhuc
899 2067 1061 2150 superiori
1077 2069 1185 2148 gradu
1198 2076 1251 2129 est
1265 2065 1389 2147 patria;

273 2161 307 2221 in
324 2158 433 2222 adhuc
451 2161 613 2241 superiori
628 2160 737 2241 gradu
752 2169 806 2222 est
821 2159 986 2238 ecclesia;
1006 2169 1041 2224 et
1054 2161 1088 2223 in
1104 2160 1214 2223 adhuc
1228 2157 1390 2240 superiori

273 2252 382 2334 gradu
404 2261 458 2316 est
480 2272 623 2334 regnum
642 2252 801 2330 Domini;
828 2253 862 2316 in
881 2273 1040 2336 supremo
1058 2265 1174 2318 autem
1194 2263 1247 2317 est
1271 2253 1390 2316 Domi·

275 2367 346 2410 nus.
392 2346 525 2411 Gradus
547 2347 582 2410 hi
604 2348 831 2412 ascendentes
849 2358 929 2412 sunt
952 2349 1040 2412 sicut
1063 2348 1188 2430 gradus
1212 2347 1336 2420 scalae,
1355 2347 1390 2410 in

274 2439 366 2522 cujus
385 2441 514 2505 vertice
533 2451 587 2506 est
606 2441 783 2506 Dominus.

332 2550 402 2617 92·
430 2535 588 2600 Societas
604 2545 658 2601 est
676 2538 853 2619 proximus
866 2557 948 2620 prae
966 2537 1130 2620 singulari
1148 2537 1298 2612 homine,
1311 2537 1390 2618 quia

273 2631 332 2694 illa
344 2633 501 2696 consistit
514 2653 559 2700 ex
572 2633 739 2715 pluribus:
760 2655 842 2717 erga
853 2633 946 2698 illam
960 2633 1109 2696 charitas
1123 2633 1278 2696 similiter
1289 2653 1393 2698 exer-.

274 2727 383 2790 cenda
401 2736 454 2792 est
474 2737 510 2790 ut
530 2747 611 2807 erga
627 2726 801 2792 hominem
819 2730 854 2792 in
873 2726 1046 2810 singulari,
1064 2747 1187 2810 nempe
1205 2727 1389 2791 secundum

274 2819 373 2902 quale
392 2821 472 2884 boni
490 2821 581 2902 quod
596 2822 686 2903 apud
705 2821 819 2901 illam;
843 2823 892 2886 ita
908 2841 1043 2904 prorsus
1061 2823 1161 2885 aliter
1180 2841 1262 2903 erga
1280 2821 1389 2886 socie-

275 2923 384 2978 tatem
415 2914 608 2995 proborum,
632 2935 733 2998 quam
763 2936 845 3000 erga
871 2917 1074 2980 societatem
1102 2935 1170 2980 non
1197 2917 1388 2997 proborum.

274 3006 423 3072 Amatur
434 3009 581 3072 societas
596 3028 698 3091 quum
714 3009 806 3074 bono
821 3009 891 3092 ejus
906 3009 1094 3074 consulitur
1106 3031 1151 3074 ex
1168 3029 1283 3074 amore
1299 3009 1390 3073 boni.
1427 3095 1429 3098 Ι

333 3117 407 3186 93.
435 3101 549 3167 Patria
569 3115 624 3167 est
642 3105 820 3187 proximus
842 3125 922 3188 prae
940 3107 1122 3181 societate,
1142 3108 1219 3188 quia
1238 3105 1390 3188 parentis

275 3197 382 3262 instar
408 3207 482 3273 est;
509 3196 555 3258 ibi
577 3197 668 3260 enim
691 3195 796 3260 homo
819 3207 920 3261 natus
943 3207 1009 3273 est,
1029 3197 1123 3260 illum
1147 3198 1264 3272 nutr'it,
1288 3207 1324 3262 et
1347 3197 1391 3260 ab

274 3289 399 3372 injuriis
418 3299 559 3354 tutatur.
605 3289 739 3354 Patriae
757 3311 803 3355 ex
821 3311 938 3356 amore
956 3291 1235 3355 benefaciendum
1258 3299 1313 3356 est
1336 3311 1389 3354 se-

275 3385 423 3450 cundum
453 3383 679 3448 necessitates
711 3383 793 3466 ejus,
824 3405 911 3468 quae
938 3386 1101 3468 imprimis
1132 3382 1290 3468 speciant
1320 3383 1391 3466 ejus

275 3475 412 3554 vitium,
440 3487 476 3542 et
506 3496 622 3542 eorum
648 3478 704 3560 qui
734 3479 780 3542 ibi
809 3489 890 3544 sunt
916 3479 1022 3544 vitam
1050 3480 1194 3555 civilem,
1222 3489 1258 3544 et
1283 3481 1390 3544 vitam

275 3572 494 3654 spiritualem.
540 3569 606 3654 Qui
625 3581 719 3636 amat
739 3573 895 3654 patriam,
915 3583 951 3638 et
974 3575 1004 3638 ei
1027 3595 1072 3638 ex
1092 3574 1269 3638 benevelle
1286 3575 1391 3638 bene·

274 3667 366 3744 facit,
386 3668 414 3730 is
437 3668 470 3730 in
493 3665 603 3730 altera
621 3665 693 3730 vita
715 3677 810 3731 amat
832 3687 975 3750 regnum
999 3669 1148 3744 Domini,
1168 3687 1247 3732 nam
1270 3670 1315 3733 ibi
1337 3677 1391 3732 est

274 3780 416 3842 regnum
434 3760 571 3824 Domini
590 3761 621 3824 ei
639 3761 769 3842 patria;
793 3763 901 3844 etqui
919 3773 1014 3826 amat
1033 3782 1175 3844 regnum
1195 3763 1343 3840 Domini,
1363 3763 1391 3826 is

274 3863 369 3918 amat
393 3853 588 3930 Dominum,
612 3855 691 3936 quia
713 3854 880 3920 Dominus
903 3866 957 3921 est
980 3877 1082 3921 omne
1106 3858 1139 3920 in
1163 3858 1319 3922 omnibus
1340 3857 1391 3922 sui

274 3948 381 4030 regni.

333 4059 408 4128 94.
436 4041 595 4108 Ecclesia
609 4054 663 4109 est
679 4046 857 4128 proximus
873 4067 955 4129 prae
967 4047 1089 4129 patria,
1103 4066 1183 4110 nam
1195 4047 1251 4130 qui
1267 4065 1391 4112 consu·

275 4137 314 4201 lit
330 4136 505 4212 ecclesiae,
523 4139 669 4204 consulit
685 4139 863 4205 animabus
879 4151 915 4204 et
931 4141 1023 4204 vitae
1038 4150 1199 4204 aeternae
1215 4141 1390 4206 hominum

275 4231 331 4313 qui
358 4231 392 4293 in
419 4233 551 4314 patria;
582 4253 685 4316 quare
707 4233 763 4316 qui
786 4233 934 4298 consulit
957 4233 1122 4298 ecclesiae
1146 4255 1191 4298 ex
1214 4253 1340 4311 amore,
1362 4237 1391 4300 is

274 4333 368 4388 amat
387 4325 579 4406 proximum
597 4327 631 4388 in
650 4327 812 4410 superiori
830 4327 948 4409 gradu,
966 4345 1045 4390 nam
1064 4327 1091 4390 is
1111 4326 1244 4392 caelum
1263 4338 1299 4393 et
1317 4329 1391 4394 seli·

275 4420 418 4482 citatem
436 4419 528 4483 vitae
546 4421 580 4483 in
599 4430 777 4484 aeternum
796 4421 871 4485 aliis
890 4431 989 4504 optat
1008 4431 1044 4486 et
1063 4422 1147 4485 vult.
1345 4487 1349 4496 ,

333 4528 406 4597 95.
434 4513 594 4598 Regnum
613 4514 753 4578 Domini
771 4525 825 4580 est
843 4517 1022 4599 proximus
1043 4517 1077 4580 in
1095 4517 1206 4580 adhuc
1225 4519 1389 4600 superiori

274 4607 393 4688 gradu,
417 4625 496 4670 nam
519 4625 662 4689 regnum
685 4607 823 4671 Domini
846 4609 1003 4673 consistit
1030 4629 1075 4673 ex
1098 4610 1254 4674 omnibus
1277 4610 1333 4693 qui
1357 4611 1391 4674 in
