3338 5300
570 702 747 755 ULTIMUM
768 700 1038 769 ulmetum-N.
1058 702 1105 751 12.
1337 702 1377 767 23

254 891 414 938 amorem.
460 869 562 954 Quod
575 871 733 954 judicium
747 871 806 936 liat
822 872 856 935 in
869 870 996 935 mundo
1009 869 1183 954 spirituali,
1197 880 1249 934 est
1265 890 1377 944 causa,

254 969 331 1052 quia
357 969 498 1050 quisque
525 968 628 1030 homo
654 977 733 1050 post
761 975 906 1030 mortem
937 975 990 1030 est
1020 966 1143 1042 homo;
1178 985 1247 1028 non
1274 966 1379 1028 homo
1462 1003 1466 1018 .

254 1062 448 1137 materialis,
486 1071 523 1126 ut
560 1063 660 1144 prius,
697 1062 758 1125 sed
794 1062 898 1125 homo
934 1059 1179 1124 substantialis.
1224 1059 1377 1142 Cujusvis

254 1157 398 1221 hominis
426 1175 522 1220 mens
552 1176 611 1220 seu
641 1157 776 1239 spiritus
799 1165 853 1220 est
883 1155 962 1220 talis
984 1155 1107 1233 homo;
1142 1175 1263 1238 corpus
1285 1156 1377 1237 quod

253 1253 403 1334 gestavit
419 1252 453 1313 in
469 1251 597 1314 mundo
612 1261 665 1314 est
682 1251 785 1314 modo
800 1251 1045 1324 indumentum,
1059 1260 1094 1313 et
1110 1251 1205 1334 quasi
1221 1252 1376 1324 exuviae,

254 1367 337 1430 quas
356 1347 523 1428 deposuit,
543 1355 579 1409 et
602 1345 763 1428 equibus
786 1347 921 1428 spiritus
940 1344 1010 1426 ejus
1034 1365 1070 1408 se
1093 1343 1232 1408 evolvit.
1277 1343 1376 1409 Nunc

254 1442 331 1523 quia
353 1460 449 1504 mens
472 1461 531 1504 seu
554 1440 691 1522 spiritus
710 1440 855 1503 hominis
878 1441 911 1502 in
935 1459 1076 1521 corpore
1095 1437 1263 1502 materiali
1281 1443 1376 1521 cogi-

254 1537 350 1608 tavit,
371 1545 406 1599 et
430 1545 512 1598 tunc
532 1535 585 1598 vel
608 1555 653 1598 ex
678 1533 841 1616 religione
864 1533 919 1598 vel
943 1553 1011 1596 non
1034 1553 1080 1597 ex
1103 1533 1278 1615 religione,
1298 1553 1377 1616 pro·

254 1649 319 1712 que
336 1629 411 1693 Deo
426 1629 481 1693 vel
501 1639 622 1692 contra
638 1628 759 1703 Deum,
777 1649 822 1693 ex
841 1629 929 1692 veris
945 1626 1022 1690 fidei
1038 1626 1092 1691 vel
1111 1647 1156 1692 ex
1175 1625 1267 1690 salsis
1286 1626 1376 1704 fidei,

254 1726 381 1788 amavit
400 1725 592 1806 proximum
611 1721 666 1786 vel
685 1723 764 1787 odio
782 1722 876 1786 illum
895 1722 1022 1796 habuit,
1042 1731 1078 1785 et
1097 1741 1219 1803 corpus
1238 1724 1376 1786 materi-

253 1819 307 1882 ale
334 1819 393 1882 luit
420 1819 523 1882 modo
550 1818 754 1892 obedientia,
782 1818 933 1900 sequitur
959 1816 1050 1900 quod
1077 1835 1183 1891 mens,
1206 1837 1293 1899 quae
1323 1828 1377 1882 est

254 1913 357 1976 homo
388 1913 621 1976 substantialis
651 1922 687 1976 et
717 1921 858 1976 vocatur
884 1912 1030 1994 spiritus,
1054 1909 1214 1992 judicium
1244 1912 1375 1986 subeat,

254 2023 293 2068 ac
313 2007 498 2068 secundum
517 2007 670 2088 cogitata
692 2015 727 2070 et
750 2003 827 2069 adta
849 2007 940 2070 vitae
963 2025 1043 2068 suae
1065 2015 1296 2068 remuneretur
1318 2017 1377 2070 aut

255 2101 420 2182 puniatur.
465 2099 522 2163 Ex
542 2101 593 2164 his
611 2101 787 2164 evidenter
806 2111 921 2183 potest
940 2101 1082 2183 perspici
1098 2099 1188 2182 quod
1204 2099 1375 2180 judicium,

254 2194 345 2276 quod
368 2205 421 2258 est
444 2195 588 2276 cujusvis
612 2195 788 2258 Ecclesiae
806 2194 972 2270 ultimum,
991 2193 1051 2258 fiat
1074 2195 1108 2257 in
1131 2195 1258 2258 mundo
1280 2198 1376 2278 spiri-

255 2287 349 2364 tuali,
369 2308 437 2352 non
456 2301 571 2353 autem
590 2291 623 2352 ln
643 2290 770 2352 mundo
789 2289 943 2353 naturali.

318 2399 381 2448 ιο.
409 2382 574 2465 Judicium
593 2385 685 2466 quod
708 2383 745 2448 fit
768 2404 868 2465 super
886 2403 1004 2447 omnes
1023 2383 1066 2446 ab
1089 2382 1245 2447 Ecclesia
1264 2393 1376 2448 trans·

255 2473 341 2552 adta,
361 2475 398 2540 fit
418 2489 556 2560 propter
575 2477 675 2542 finem
695 2488 731 2542 ut
751 2488 822 2541 tam
839 2479 1064 2541 communiter
1079 2497 1180 2560 quam
1197 2478 1375 2560 singulari-

256 2579 308 2634 ter
326 2582 524 2653 separentur
544 2573 624 2636 boni
646 2593 666 2636 a
689 2572 797 2646 malis,
817 2592 856 2636 ac
880 2581 917 2636 ut
941 2572 1020 2636 boni
1043 2573 1218 2634 eleventur
1241 2574 1275 2636 in
1298 2593 1375 2636 cae-

256 2663 335 2736 lum.
352 2675 387 2728 et
404 2665 483 2728 mali
499 2665 697 2748 dejiciantur
715 2668 748 2730 in
768 2667 952 2744 infernum3
976 2667 1065 2748 quod
1086 2667 1148 2728 nisi
1167 2665 1225 2729 fiat
1241 2668 1376 2749 quando

255 2758 411 2824 Ecclesia
429 2772 664 2824 consummata
682 2771 746 2836 est,
766 2762 830 2825 hoc
849 2771 914 2836 est,
934 2761 1069 2844 quando
1088 2781 1157 2824 non
1176 2761 1320 2842 amplius
1339 2765 1374 2826 in

255 2855 341 2917 veris
360 2865 395 2918 et
411 2855 508 2918 bonis
524 2866 587 2931 est,
605 2876 673 2920 non
690 2865 806 2940 potest
822 2856 941 2938 aliquis
955 2856 1001 2919 ibi
1016 2855 1148 2918 salvari.
1189 2854 1290 2937 Quod
1307 2877 1375 2920 non

255 2951 361 3031 possit
385 2949 507 3013 salvari
533 2959 586 3013 est
613 2952 781 3032 quianon
804 2960 920 3033 potest
947 2951 1149 3032 regenerari,
1173 2959 1208 3014 et
1235 2951 1375 3034 quisque

255 3053 473 3126 regeneratur
500 3063 559 3126 per
581 3065 661 3108 vera
683 3043 761 3108 fidei
787 3055 823 3109 et
850 3045 940 3108 bona
962 3046 1096 3109 amoris.
1142 3044 1230 3108 Huic
1254 3065 1375 3110 causae

255 3139 387 3202 accedit
409 3139 504 3214 haec,
524 3139 614 3221 quod
638 3160 658 3202 a
680 3147 835 3222 tempore
853 3141 1055 3203 vastationis
1077 3139 1252 3202 Ecclesiae
1271 3157 1375 3222 usque

255 3232 298 3296 ad
325 3231 394 3314 ejus
420 3233 748 3297 consummationem
775 3242 967 3298 succrescat
993 3233 1157 3296 infernum
1183 3234 1374 3297 intantum

256 3337 292 3392 ut
311 3328 471 3409 subtegat
491 3336 602 3390 totum
621 3326 753 3390 caelum
772 3327 975 3409 angelicum,
995 3347 1054 3410 per
1072 3328 1162 3410 quod
1185 3349 1206 3390 a
1227 3327 1375 3391 Domino

255 3442 334 3486 vera
350 3432 385 3485 et
404 3422 494 3484 bona
509 3422 746 3504 regenerantia
761 3422 804 3484 ad
823 3422 978 3485 homines
994 3421 1124 3486 telluris
1140 3423 1352 3486 descendunt
1366 3447 1373 3500 ;

255 3537 321 3600 quo
337 3511 486 3590 obtecto,
503 3535 571 3578 non
588 3515 723 3598 aliquod
739 3535 854 3580 verum
870 3517 1088 3598 cogitationis
1107 3536 1151 3579 ex
1171 3515 1248 3590 lide,
1265 3535 1374 3600 neque

255 3611 379 3674 bonum
399 3609 585 3674 voluntatis
603 3630 648 3672 ex
671 3609 848 3686 charitate,
868 3610 931 3672 nisi
949 3629 1049 3694 quam
1069 3629 1128 3692 per
1150 3611 1251 3672 rimas
1270 3629 1373 3692 pene·

255 3715 344 3769 trare
368 3713 505 3786 potest;
540 3703 654 3780 immo,
678 3705 769 3786 quod
792 3713 961 3787 penetrat,
977 3702 1032 3768 vel
1058 3705 1092 3766 in
1115 3705 1169 3767 via
1191 3714 1373 3787 antequam

254 3799 425 3863 hominem
449 3795 639 3881 pertingitl¹¹
659 3797 714 3862 vel
741 3799 784 3862 ab
807 3801 880 3882 ipso
905 3798 1042 3862 homine
1065 3799 1144 3861 dum
1170 3799 1204 3862 in
1227 3797 1286 3862 illo
1309 3812 1372 3875 est,

255 3895 476 3976 pervertitur;
500 3893 564 3956 hoc
583 3903 647 3968 est,
665 3913 779 3956 verum
799 3893 853 3957 vel
872 3893 1018 3975 rejicitur
1036 3893 1090 3956 vel
1109 3891 1313 3968 falsificatur,
1333 3915 1372 3957 ac

255 3989 380 4052 bonurn
403 3986 458 4050 vel
481 3985 727 4052 sufflaminatur
748 3987 803 4052 vel
827 3987 1056 4052 adulteratur:
1080 3988 1195 4060 verbo,
1217 3983 1373 4052 Ecclesia

255 4083 288 4146 in
310 4081 375 4146 fine
399 4103 459 4145 suo
482 4091 535 4145 est
559 4083 646 4146 sicut
669 4082 809 4146 obsessa
831 4103 852 4146 a
874 4083 1022 4160 satanis;
1054 4091 1195 4144 satanae
1218 4079 1373 4145 dicuntur

254 4178 309 4260 qui
328 4173 540 4240 delectantur
558 4197 579 4239 a
596 4175 688 4240 salsis
706 4187 741 4241 et
756 4176 985 4258 jucundantur
1002 4197 1023 4240 a
1038 4173 1144 4239 malis.
1189 4173 1240 4238 Ut
1258 4176 1372 4257 itaque

254 4269 372 4334 totalis
399 4271 583 4346 damnatio,
608 4291 694 4354 quae
720 4281 801 4336 tunc
828 4291 929 4354 super
954 4280 1057 4353 caput
1083 4268 1226 4350 cujusvis
1252 4277 1305 4332 est
1332 4289 1371 4333 ac

254 4365 417 4439 imminet,
441 4364 592 4442 tollatur,
617 4385 793 4430 necessum
819 4375 873 4430 est
900 4375 937 4429 ut
963 4365 1137 4440 infernum,
1162 4363 1252 4447 quod
1278 4365 1371 4427 sein

253 4459 359 4522 altum
383 4459 529 4536 sustulit,
554 4480 593 4524 ac
620 4469 657 4524 ut
684 4458 810 4524 dictum
837 4460 1005 4524 succrevit
1032 4477 1136 4541 usque
1162 4459 1205 4521 ad
1228 4455 1370 4534 caelum,

254 4553 404 4628 tollatur,
429 4573 497 4618 non
525 4555 628 4619 modo
650 4553 868 4638 deprimatur,
891 4554 951 4618 sed
974 4553 1077 4618 etiam
1100 4553 1313 4635 dispergatur
1336 4563 1370 4615 et

254 4647 458 4731 subjugetur,
478 4659 513 4713 et
537 4659 617 4714 tunc
641 4649 720 4714 boni
743 4657 942 4732 separentur
963 4669 985 4712 a
1007 4647 1113 4724 malis,
1133 4647 1197 4712 hoc
1221 4656 1285 4722 est,
1305 4647 1371 4709 vivi
