3282 5294
627 674 678 726 nu
699 673 933 728 autumare.
1296 678 1338 745 39

217 836 289 907 [m]
317 837 436 894 viarm
447 838 634 908 oportunum.

277 963 412 1030 Nautae
428 967 532 1032 etiam
548 965 631 1032 liunt
647 968 833 1034 charitates
855 969 882 1034 si
905 967 1063 1051 speciant
1085 969 1130 1035 ad
1153 969 1337 1041 Dominum

213 1067 248 1124 et
264 1059 395 1142 fugiunt
411 1060 501 1125 mala
515 1071 553 1126 ut
576 1072 729 1144 peccata,
745 1063 826 1128 dum
840 1063 966 1129 iaciunt
983 1085 1067 1147 opus
1083 1085 1180 1129 suum
1196 1066 1336 1139 sincere,

209 1153 299 1236 juste
321 1165 358 1220 et
380 1154 547 1236 fideliter3
571 1176 650 1220 nam
666 1158 746 1221 dum
761 1157 893 1240 lugiunt
914 1159 1003 1222 mala
1025 1169 1061 1224 ut
1085 1169 1237 1242 peccata,
1254 1168 1336 1223 ωηο
1400 1151 1403 1156 “

213 1247 344 1331 lugiunt
360 1248 542 1326 diabolum,
559 1251 636 1332 quia
652 1250 805 1315 diabolus
821 1261 874 1316 est
895 1253 1168 1334 ipsum-malum3
1192 1263 1228 1316 et
1255 1263 1335 1316 tunc

211 1351 436 1425 acceptantur
450 1363 471 1406 a
487 1343 655 1422 Domino;
678 1355 714 1409 et
729 1345 820 1409 bona
835 1366 921 1429 quae
937 1356 1018 1410 tunc
1034 1346 1170 1422 faciunt,
1183 1366 1204 1409 a
1217 1345 1336 1409 Domi·

213 1455 259 1499 no
272 1435 399 1500 iaciunt
414 1457 421 1514 ;
444 1445 480 1500 et
495 1437 586 1501 bona
601 1458 669 1503 non
685 1437 784 1503 aliter
796 1442 955 1504 continue
967 1439 1093 1504 iaciunt
1109 1459 1210 1522 quam
1225 1441 1259 1504 in
1275 1460 1336 1504 suo

212 1550 314 1612 opere
327 1530 418 1614 quod
430 1532 479 1595 eis
490 1529 675 1613 injunctum
685 1542 749 1610 est,
759 1533 851 1616 quod
863 1544 916 1598 est
928 1535 1111 1598 nauticum.
1145 1531 1241 1616 Opus
1253 1533 1336 1598 illud

211 1635 264 1690 est
274 1625 402 1688 bonum
412 1645 506 1707 opus,
520 1626 598 1708 quia
608 1636 662 1690 est
672 1627 797 1690 bonum
808 1648 886 1692 usus
898 1649 906 1707 ;
919 1637 954 1692 et
967 1647 1117 1692 amorem
1127 1647 1209 1710 erga
1219 1628 1335 1710 proxir

211 1738 303 1784 mum
318 1739 378 1783 seu
393 1719 595 1784 charitatem
618 1721 744 1786 habere
760 1741 829 1787 non
844 1721 935 1786 aliud
957 1732 1011 1786 est
1027 1742 1127 1806 quam
1144 1722 1252 1786 lacere
1272 1721 1334 1786 bo·

212 1833 291 1877 num
314 1834 401 1877 usus.
446 1813 494 1878 Et
520 1833 596 1878 cum
626 1814 759 1898 fugiunt
792 1816 965 1880 diabolum
995 1825 1031 1880 et
1062 1825 1284 1897 acceptantur
1314 1836 1335 1879 a

211 1907 371 1984 Domino,
387 1917 468 1972 ωηο
491 1928 560 1972 ηοη
582 1908 709 1974 faciunt
732 1909 790 1974 illa
805 1909 896 1974 mala
910 1931 996 1993 quae
1019 1911 1053 1974 in
1077 1909 1253 1992 Decalogo
1274 1909 1334 1974 de·

209 2003 337 2085 scripta
359 2012 458 2082 sunt;
481 2003 546 2067 hoc
569 2013 633 2080 est,
651 2024 719 2068 ηοη
742 2005 913 2080 οοοίἀυηο,
930 2024 998 2068 ηοη
1021 2004 1223 2068 adulterium
1240 2023 1333 2068 com·

210 2097 363 2172 mittunt,
377 2116 446 2160 ηοη
461 2095 622 2173 furantur,
636 2117 704 2162 non
720 2097 802 2162 salse
815 2108 1006 2177 testantur3
1029 2098 1113 2162 haec
1126 2099 1216 2162 enim
1232 2115 1334 2162 nemo

209 2191 299 2268 facit,
316 2191 373 2274 qui
395 2201 487 2256 amat
511 2193 724 2273 proximum;
748 2194 921 2256 nonenim
945 2202 1037 2256 amat
1060 2193 1262 2274 proximum,
1279 2193 1335 2274 qui

208 2285 269 2350 tali
281 2285 361 2350 odio
370 2284 464 2349 illum
475 2285 580 2350 habet
592 2295 629 2350 ut
641 2285 724 2350 velit
737 2285 830 2350 illum
840 2286 994 2350 occidere
1007 2307 1015 2364 ;
1032 2305 1100 2350 ηοη
1112 2295 1204 2349 amat
1217 2286 1333 2367 proxi·

209 2397 301 2444 mum
324 2380 380 2462 qui
403 2377 475 2443 vult
498 2379 699 2444 adulterium
715 2381 930 2444 committere
953 2399 1029 2445 cum
1052 2400 1158 2443 uxore
1174 2378 1312 2443 alterius
1324 2401 1333 2460 3

209 2493 277 2538 non
293 2482 386 2538 amat
402 2474 595 2555 proximum
610 2475 666 2557 qui
678 2473 751 2538 vult
762 2473 860 2538 iurari
873 2483 908 2538 et
924 2473 1121 2556 depraedari
1136 2471 1207 2555 ejus
1222 2473 1333 2552 bona;

208 2588 277 2632 ηοη
293 2577 386 2632 amat
409 2569 601 2650 proximum
623 2569 679 2651 qui
699 2567 781 2632 salse
797 2577 943 2632 testatur
958 2577 1078 2632 contra
1100 2567 1204 2643 illum,
1228 2577 1263 2632 et
1286 2568 1333 2631 sic

209 2683 320 2745 porro.
366 2661 462 2726 Haec
475 2671 553 2726 ωηο
566 2662 656 2726 mala
667 2683 753 2746 quae
770 2663 947 2746 praecipue
959 2663 1090 2745 fugiunt
1106 2661 1153 2725 illi
1165 2661 1221 2744 qui
1236 2681 1334 2742 spec·

208 2767 285 2822 tant
308 2757 352 2821 ad
375 2757 579 2835 Dominum;
603 2765 683 2820 ωηο
700 2777 832 2840 quoque
848 2777 917 2820 ηοη
939 2758 1062 2820 timent
1085 2764 1240 2830 mortem,
1257 2756 1335 2838 quia

209 2853 236 2916 si
256 2851 453 2927 moriuntur,
472 2853 657 2915 moriuntur
679 2853 712 2914 in
736 2851 894 2928 Domin0,
911 2859 946 2914 et
962 2851 1102 2914 veniunt
1125 2851 1158 2912 in
1181 2848 1333 2928 coelum;

209 2956 244 3010 et
266 2945 312 3010 ibi
335 2953 427 3010 amat
444 2965 528 3009 unus
550 2945 695 3009 alterum
718 2945 805 3008 sicut
827 2944 930 3008 frater
948 2953 983 3008 et
1006 2945 1116 3008 socius
1138 2943 1275 3007 fratrem
1298 2952 1334 3008 et

209 3040 416 3116 consocium,
433 3049 468 3104 et
486 3049 620 3103 mutuas
636 3059 756 3120 operas
771 3037 891 3102 lerunt.
937 3037 1067 3101 Hortor
1082 3037 1185 3100 etiam
1202 3045 1332 3112 nautas,

210 3135 296 3199 sicut
312 3153 395 3198 mox
411 3135 500 3216 prius
513 3133 717 3208 nauclerum,
729 3141 765 3196 ut
781 3132 906 3196 adeant
922 3131 1116 3206 Dominum,
1132 3141 1168 3194 et
1180 3139 1278 3195 orent
1290 3131 1334 3195 ad

210 3227 337 3312 Ipsum,
353 3229 430 3311 quia
445 3248 514 3292 non
529 3225 613 3292 alius
622 3235 675 3293 est
692 3227 784 3292 Deus
796 3225 893 3304 coeli,
906 3235 1016 3290 terrae
1028 3233 1064 3288 et
1080 3224 1189 3288 maris.

213 3406 284 3477 [ra]
313 3405 432 3460 cirritos
443 3406 516 3475 opud
529 3405 658 3460 romulos.

274 3533 369 3601 Sicut
392 3535 518 3599 domini
539 3535 588 3598 ita
604 3532 717 3598 famuli
741 3530 824 3598 fiunt
847 3531 1041 3607 charitates,
1057 3531 1122 3596 hoc
1141 3540 1194 3595 est
1209 3529 1333 3613 angeli,

212 3631 292 3695 dum
314 3627 470 3712 spedtant
493 3628 537 3692 ad
561 3627 743 3692 Dominum
766 3637 801 3691 et
821 3627 952 3710 fugiunt
968 3626 1057 3690 mala
1073 3635 1110 3689 ut
1133 3635 1285 3707 peccata,
1297 3633 1334 3689 et

213 3745 315 3807 opera
329 3721 443 3788 famuli
459 3723 597 3798 sincere,
611 3721 700 3804 juste
712 3731 748 3786 et
758 3713 907 3785 ‘fideliter
916 3729 1033 3802 agunt.
1066 3719 1204 3784 Illorum
1219 3737 1333 3800 opera,

214 3839 298 3902 quae
316 3827 395 3881 ωηο
418 3817 507 3880 bona
523 3816 697 3880 charitatis
713 3816 847 3897 propria
869 3824 905 3878 et
928 3815 1097 3888 continua,
1114 3823 1203 3888 sunt,
1221 3823 1257 3876 ut
1279 3821 1334 3876 at·

213 3912 358 3994 tendant
373 3911 416 3975 ad
435 3911 589 3974 dominos
605 3931 693 3984 suos,
710 3909 774 3972 illis
790 3909 875 3972 bene
891 3906 1008 3981 velint,
1025 3907 1066 3970 de
1082 3905 1147 3970 illis
1163 3925 1230 3969 ηοη
1246 3905 1336 3970 male

214 4007 403 4090 loquantur,
420 4014 492 4069 tam
515 4005 643 4068 sincere
663 4013 768 4087 agant
791 4003 824 4066 in
847 4001 1001 4067 absentia
1023 3999 1154 4064 illorum
1178 4019 1278 4083 quarn
1301 4000 1334 4063 in

214 4101 414 4184 praesentia,
432 4119 500 4163 non
523 4107 685 4181 spernant
708 4098 842 4174 servire,
859 4097 935 4179 quia
951 4095 1185 4178 unusquisque,
1200 4095 1233 4156 in
1252 4114 1336 4176 quo·

214 4214 345 4278 cunque
355 4193 462 4276 gradu
474 4193 650 4275 dignitatis
661 4193 715 4267 sit,
726 4192 849 4256 servire
862 4189 985 4267 debet;
1008 4189 1110 4252 etiarn
1125 4188 1201 4251 Rex
1212 4189 1336 4252 serviet

215 4289 383 4366 Domiuo;
406 4297 441 4352 et
457 4289 543 4352 sicut
559 4287 697 4369 quisque
715 4284 859 4350 fideliter
875 4284 988 4358 servit,
1004 4283 1052 4346 ita
1067 4291 1200 4346 amatur
1214 4289 1250 4345 et
1273 4281 1335 4344 du·

215 4383 302 4448 citur
316 4401 337 4446 a
353 4380 520 4460 Domino;
543 4389 578 4444 et
601 4388 764 4462 quantum
779 4379 853 4462 quis
874 4373 1007 4460 spedtat
1029 4375 1073 4438 ad
1096 4375 1279 4438 Dominum
1302 4383 1338 4439 et

216 4476 300 4561 sugit
315 4474 406 4540 mala
420 4483 458 4540 ut
473 4482 626 4558 peccata,
642 4473 745 4538 servit
761 4471 864 4538 libere
879 4479 915 4537 et
931 4489 999 4536 non
1014 4465 1144 4535 coacte.
