3322 5298
605 703 657 758 os
674 703 812 758 omem
834 703 1055 758 rarurmru.
1350 705 1366 773 5
1372 705 1387 772 5

273 868 418 936 Sanctus
440 871 630 955 procedens
655 891 676 936 a
702 871 778 937 Deo
801 873 902 938 Patre
925 893 985 957 per
1003 872 1127 938 Filium
1156 873 1201 938 ab
1226 873 1390 938 aeterno?

273 975 308 1032 et
334 966 507 1050 quomodo
528 969 640 1049 potuit
667 967 851 1049 procedere
874 977 910 1032 et
935 967 1004 1032 fieri
1030 967 1123 1032 Deus
1144 987 1204 1051 per
1231 966 1304 1032 Se?
1330 977 1389 1032 aut

273 1061 445 1142 quomodo
471 1061 582 1144 potuit
610 1080 755 1142 persona
781 1063 923 1142 gignere
950 1081 1130 1144 personam
1156 1061 1200 1125 ab
1226 1061 1390 1126 aeterno?

273 1163 309 1216 et
328 1163 469 1237 utraque
488 1153 674 1237 producere
692 1155 896 1235 personam?
936 1153 1046 1218 Estne
1063 1175 1208 1238 persona
1223 1155 1389 1238 persona?

274 1245 457 1330 Quomodo
480 1257 624 1330 possunt
649 1257 720 1313 tres
744 1248 923 1322 Personae,
943 1269 1083 1332 quarum
1107 1249 1312 1332 unaquaevis
1335 1259 1389 1313 est

274 1342 378 1416 Deus,
398 1341 558 1424 conjungi
577 1341 610 1405 in
629 1361 732 1404 unum
753 1341 875 1418 Deum,
894 1343 995 1406 aliter
1013 1363 1113 1426 quam
1137 1343 1170 1407 in
1190 1363 1291 1406 unam
1311 1343 1389 1406 Per·

274 1437 415 1500 sonam?
438 1445 475 1501 et
491 1436 556 1500 hoc
572 1445 690 1500 tamen
706 1446 759 1500 est
775 1445 897 1500 contra
913 1435 1146 1519 theologiam
1170 1436 1254 1500 illud
1273 1447 1390 1501 autem

274 1549 350 1594 cum
380 1529 448 1594 illa.
502 1527 686 1612 Quomodo
716 1539 834 1612 potest
864 1529 1033 1594 Divinitas
1063 1531 1226 1612 distingui
1256 1533 1289 1594 in
1320 1540 1391 1594 tres

274 1624 450 1700 Personas,
463 1634 499 1690 et
515 1633 632 1688 tamen
649 1643 718 1688 non
735 1625 768 1688 in
785 1633 856 1688 tres
873 1623 976 1700 Deos,
991 1645 1067 1688 cum
1085 1635 1201 1689 tamen
1218 1644 1388 1707 unaquae-

273 1721 324 1784 vis
343 1719 491 1784 Persona
508 1728 562 1783 est
586 1717 703 1782 Deus?
748 1717 932 1801 Quomodo
951 1729 1067 1803 potest
1087 1719 1211 1784 Divina
1229 1719 1389 1792 essentia,

273 1823 424 1898 quaeest
437 1833 514 1888 una,
528 1813 659 1889 eadem,
673 1822 709 1877 et
725 1813 907 1888 individua,
922 1813 1044 1878 cadere
1060 1815 1094 1877 in
1110 1833 1297 1886 numerum,
1312 1833 1389 1895 pro·

274 1909 352 1974 inde
378 1907 432 1972 vel
459 1907 563 1971 dividi
592 1906 647 1970 vel
674 1907 913 1990 multiplicari?
947 1917 983 1972 et
1010 1909 1183 1991 quomodo
1206 1917 1390 1990 potuerunt

275 2013 345 2067 tres
371 2001 515 2066 Divinae
542 2001 711 2066 Personae
739 2021 805 2065 una
832 2021 908 2065 esse
938 2011 973 2065 et
1001 2001 1152 2066 conferre
1179 2003 1330 2065 rationes
1357 2002 1391 2065 in

275 2106 510 2162 non-extenso
539 2097 651 2178 spatii,
682 2096 783 2178 quale
815 2095 877 2160 suit
907 2105 988 2160 ante
1019 2096 1182 2160 mundum
1212 2095 1391 2160 creatum?

275 2189 457 2273 Quomodo
472 2211 492 2254 a
509 2189 664 2272 Jehovah
683 2190 768 2264 Deo,
787 2191 842 2273 qui
859 2211 954 2267 unus,
972 2200 1007 2254 et
1025 2190 1104 2253 inde
1121 2189 1214 2253 solus
1229 2189 1389 2262 infinitus,

274 2286 468 2359 immensus,
492 2295 662 2360 aeternus,
686 2285 915 2368 omnipotens,
939 2293 1125 2368 potuerunt
1155 2283 1294 2366 produci
1320 2293 1391 2348 tres

275 2377 344 2460 ipsi
356 2374 568 2460 ¹¹¹aequales?
606 2375 789 2459 Quomodo
806 2387 921 2460 potest
932 2378 1065 2461 concipi
1081 2378 1215 2442 trinitas
1229 2397 1390 2459 persona·

273 2489 346 2535 rum
356 2473 390 2535 in
403 2471 548 2537 Unitate
562 2471 636 2548 Dei,
647 2491 687 2535 ac
702 2471 827 2536 Unitas
840 2471 904 2536 Dei
917 2473 950 2536 in
964 2473 1118 2536 trinitate
1132 2491 1351 2554 personarum
1361 2471 1391 2534 ?”

275 2566 413 2630 Praeter
434 2567 525 2650 quod
548 2567 624 2630 idea
646 2565 852 2649 pluralitatis
874 2567 1029 2631 destruat
1052 2567 1164 2630 ideam
1183 2567 1334 2642 unitatis
1354 2576 1390 2632 et

273 2660 430 2724 vicissim.
477 2659 582 2724 Forte
605 2661 710 2724 etiam
733 2661 944 2742 cogitaretur
961 2661 1053 2743 quod
1072 2661 1099 2724 si
1118 2660 1183 2724 hoc
1203 2659 1316 2724 dabile
1335 2661 1389 2734 sit,

273 2755 377 2819 etiam
394 2749 641 2819 dabile'suisset
660 2753 799 2820 Graecis
815 2765 851 2819 et
871 2755 1037 2819 Romanis
1052 2774 1172 2818 omnes
1188 2775 1268 2818 suos
1284 2755 1389 2829 Deos,

274 2849 328 2932 qui
348 2848 456 2924 multi,
470 2869 529 2932 per
544 2847 653 2912 solam
672 2848 890 2914 identitatem
907 2850 1087 2925 essentiae,
1104 2849 1139 2912 in
1157 2868 1260 2912 unum
1279 2849 1390 2914 Deum

274 2945 503 3027 compingere.

337 3053 366 3119 3.
398 3035 497 3102 Mens
514 3036 689 3102 rationalis
708 3038 741 3102 in
757 3037 929 3102 volvendo
945 3047 981 3102 et
999 3037 1169 3102 versando
1184 3037 1390 3102 Trinitatem

274 3130 495 3196 Personarum
514 3131 547 3194 in
561 3131 750 3196 Divinitate
768 3132 812 3196 ab
830 3141 983 3207 aeterno,
1000 3133 1169 3214 potuisset
1185 3132 1290 3196 etiam
1306 3151 1390 3214 pen-

272 3227 388 3302 sitare,
408 3225 462 3288 cui
481 3245 559 3288 usus
578 3225 639 3288 suit
657 3224 749 3307 quod
767 3235 849 3290 ante
868 3226 1031 3289 mundum
1046 3235 1200 3290 creatum
1223 3235 1324 3290 natus
1347 3227 1390 3288 sit

274 3319 390 3397 Filius,
406 3329 442 3384 et
458 3319 549 3402 quod
567 3339 588 3382 a
607 3319 707 3383 Patre
726 3339 785 3402 per
804 3319 932 3396 Filium¹
949 3319 1094 3383 exiverit
1118 3317 1261 3401 Spiritus
1284 3317 1390 3384 Sanc·

273 3424 338 3478 tus.
377 3413 497 3478 “Num
510 3413 571 3476 suit
588 3433 666 3476 usus
679 3423 716 3476 ut
732 3424 803 3477 tres
818 3411 1027 3495 [conferrent
1040 3411 1204 3496 rationes]
1218 3413 1391 3496 quomodo

273 3517 444 3572 crearetur
463 3508 666 3582 universum,
687 3517 722 3570 et
741 3507 832 3590 quod
855 3509 902 3570 sic
923 3516 993 3570 tres
1011 3506 1094 3570 illud
1113 3507 1292 3571 crearent?
1314 3527 1390 3570 curn

274 3611 391 3667 tamen
413 3603 605 3666 universum
635 3621 656 3664 a
686 3601 762 3664 Deo
789 3621 857 3665 uno
884 3611 1036 3665 creatum
1066 3611 1139 3664 est:
1172 3621 1235 3664 nec
1263 3601 1324 3666 suit
1354 3611 1390 3665 ut

274 3695 379 3760 Filius
411 3697 603 3769 redimeret,
635 3713 712 3758 cum
746 3705 862 3759 tamen
890 3696 1081 3778 redemptio
1110 3693 1199 3759 facta
1228 3705 1282 3760 est
1311 3706 1390 3778 post

273 3790 435 3854 mundum
459 3798 612 3854 creatum
635 3789 668 3852 in
696 3789 906 3872 plenitudine
929 3789 1112 3872 temporis:
1145 3809 1208 3854 nec
1238 3785 1326 3852 [²¹suit
1354 3799 1391 3852 ut

275 3882 419 3966 Spiritus
435 3881 580 3948 Sanctus
592 3880 830 3958 sandtificaret,
841 3884 919 3966 quia
934 3883 1084 3947 nondum
1101 3883 1205 3946 homo
1220 3885 1276 3968 qui
1292 3903 1390 3948 sanc·

274 3975 463 4042 tificandus.
514 3976 549 4042 Si
571 3997 655 4059 ergo
681 3975 728 4040 iili
755 3997 834 4040 usus
860 3977 994 4041 suerunt
1020 3977 1054 4040 in
1084 3977 1160 4041 idea
1187 3977 1262 4053 Dei,
1287 3997 1391 4060 usque

273 4070 331 4134 iila
350 4091 418 4134 non
437 4081 519 4136 ante
542 4072 716 4147 mundum,
733 4073 794 4136 sed
817 4081 896 4154 post
919 4071 1026 4146 illum,
1045 4069 1223 4136 actualiter
1241 4073 1389 4136 exstitit.

274 4165 331 4230 Ex
347 4187 414 4249 quo
432 4167 583 4250 sequitur
601 4165 692 4250 quod
708 4165 858 4230 Trinitas
873 4167 918 4232 ab
933 4177 1074 4232 aeterno
1090 4185 1158 4230 non
1177 4166 1275 4230 suerit
1291 4166 1391 4232 realis

274 4259 435 4336 Trinitas,
453 4261 513 4324 sed
532 4261 671 4338 idealis3
695 4270 730 4325 et
750 4259 825 4344 plus
843 4261 955 4325 adhuc
974 4260 1125 4326 Trinitas
1142 4260 1391 4325 Personarum.”

331 4371 362 4434 4
393 4353 478 4436 Quis
497 4355 530 4418 in
549 4355 694 4419 ecclesia
713 4365 840 4437 potest,
857 4357 891 4420 in
908 4355 1057 4440 legendo
1073 4353 1262 4440 Symbolum
1276 4353 1389 4418 Atha-

273 4449 373 4526 nasii,
404 4449 596 4532 intelligere
626 4449 850 4533 hosi-quod
880 4471 926 4514 ex
952 4451 1097 4514 veritate
1124 4448 1317 4514 Christiana
1345 4451 1390 4514 sit

273 4545 363 4628 quod
391 4545 596 4628 unaquaevis
624 4543 773 4608 Persona
802 4543 1002 4626 singulatim
1031 4544 1076 4607 sit
1104 4543 1207 4618 Deus,
1236 4553 1272 4608 et
1299 4544 1389 4625 quod

274 4648 391 4703 tamen
415 4658 483 4703 non
514 4639 615 4703 liceat
639 4658 685 4702 ex
715 4637 897 4704 Catholica
919 4637 1084 4720 religione
1113 4655 1289 4704 numerare
1318 4647 1389 4702 tres
