3288 5294
406 689 455 740 ET
478 688 562 756 EJUS
585 687 783 742 DOCTRINA
806 690 1168 742 antEST1.-—N.222.
1294 694 1355 760 129

235 871 326 937 quam
335 853 520 912 viilurusest
531 856 560 912 in
569 867 731 912 aeternum:
744 857 817 914 haec
824 857 886 914 vita
894 858 1071 914 describitur
1079 859 1108 913 in
1117 857 1217 914 Verbo
1227 858 1257 913 in
1265 874 1353 914 sensu

237 925 579 998 litteraepertaliaquae
587 937 658 982 sunt
666 927 745 982 vitae
752 928 893 999 corporis,
902 945 1008 1000 nempe
1018 929 1355 1012 per⁴carnem'et·san-

236 995 357 1066 guinem
366 997 382 1058 ς’
400 1007 431 1052 et
443 997 584 1080 quievita
596 997 758 1068 spiritualis
771 997 900 1054 bominis
912 999 1047 1054 subsistit
1060 1015 1112 1069 per
1121 1000 1231 1054 bonum
1245 999 1355 1054 amoris
1410 1043 1411 1048 ,

236 1075 266 1122 et
276 1082 379 1121 verum
390 1065 467 1130 fidet.
479 1067 547 1122 ideo
558 1068 669 1122 bonum
679 1067 788 1124 amoris
801 1067 895 1124 intelli
918 1069 976 1124 'tur
988 1085 1039 1140 per
1050 1069 1200 1131 ‘comem'
1210 1079 1241 1124 et
1252 1085 1354 1124 verum

237 1135 307 1192 fidei
326 1153 378 1207 per
391 1137 599 1209 'sanguinem'
612 1137 642 1192 in
657 1155 745 1194 sensu
761 1138 879 1194 interno
922 1139 1001 1194 erbi:
1023 1139 1096 1194 haec
1111 1155 1163 1210 per
1176 1147 1309 1194 ‘carnem
1324 1149 1356 1194 et

236 1205 427 1277 sanguinem'
443 1207 648 1279 intelliguntur
667 1209 696 1262 in
715 1209 813 1272 caelo;
835 1209 971 1264 similiter
985 1225 1037 1332 fier
1052 1216 1173 1279 ‘penem
1189 1220 1220 1264 et
1234 1209 1355 1270 vinum‚'

237 1277 379 1347 quoniam
395 1293 448 1348 per
460 1278 596 1360 ‘panem'
611 1295 731 1349 prorsus
749 1277 845 1334 simile
865 1279 904 1334 ibi
924 1279 985 1334 inte
1009 1279 1099 1350 igitur
1113 1279 1193 1350 quod
1213 1295 1266 1350 per
1278 1287 1355 1333 ‘car-

236 1347 323 1408 nem'
336 1357 367 1402 et
379 1364 432 1419 per
444 1348 575 1402 ‘vinum'
590 1364 709 1418 prorsus
721 1349 818 1404 simile
832 1349 913 1420 quod
930 1365 982 1420 per
995 1349 1201 1422 ‘sanguinem'
1238 1347 1297 1404 Sed
1312 1349 1355 1404 illi

236 1416 287 1487 qui
298 1433 359 1472 non
369 1417 536 1488 spirituales
545 1419 681 1473 homines
691 1429 769 1482 sunt,
779 1419 837 1474 hoc
845 1436 905 1474 non
915 1419 1052 1490 capiunt;
1066 1431 1204 1474 maneant
1216 1420 1315 1490 itaque
1324 1419 1354 1473 in

236 1502 290 1542 sua
302 1487 369 1550 lide,
383 1490 474 1543 modo
485 1489 610 1543 credant
621 1489 703 1559 quod
717 1489 747 1543 in
760 1487 851 1552 Sacra
863 1488 945 1544 Cena
957 1505 992 1545 ac
1005 1490 1035 1544 in
1046 1488 1146 1544 Verbo
1158 1489 1292 1544 santium
1306 1488 1354 1551 sit,

236 1557 307 1627 quia
319 1573 337 1612 a
351 1558 490 1613 Domino.
522 1558 568 1613 Sit
579 1560 661 1642 quod
675 1575 735 1614 non
748 1560 844 1615 sciant
857 1559 906 1614 ubi
921 1560 950 1614 id
964 1559 1113 1622 santium
1132 1575 1226 1632 usque
1238 1561 1289 1630 qui
1302 1559 1355 1614 ali·

237 1641 296 1698 qua
309 1628 499 1699 perceptione
513 1629 652 1684 interiore
665 1629 785 1720 pollent,
795 1631 964 1701 expendant
977 1647 1048 1684 num
1061 1645 1130 1686 caro
1143 1646 1195 1700 per
1205 1628 1356 1692 ‘carnem'

236 1707 268 1753 et
280 1697 401 1770 sanguis
413 1714 466 1769 per
475 1699 663 1772 ‘sanguinem
689 1699 870 1772 intelligatur
882 1700 912 1754 in
926 1700 972 1755 his
984 1701 1058 1756 locis
1067 1699 1145 1755 :-ln
1155 1701 1337 1772 Apocalypsi,

282 1828 353 1876 ‘ludi
366 1829 479 1888 angelum
489 1837 592 1876 stentem
602 1829 627 1876 in
637 1831 695 1886 sole,
706 1831 748 1890 qul
757 1831 869 1878 clamavit
878 1843 938 1878 voce
951 1844 1047 1890 magna,
1058 1831 1140 1878 dicens
1150 1833 1262 1878 omnibus
1272 1831 1356 1878 ambus

357 1890 493 1936 volannbm
500 1891 525 1938 ln
533 1891 613 1937 medlo
620 1892 686 1945 caeli.
695 1926 701 1939 .
709 1926 715 1939 .
723 1891 908 1950 congregemini
916 1893 948 1938 ed
956 1905 1040 1938 cenem
1049 1892 1130 1950 magni
1139 1892 1198 1946 Del:
1209 1900 1236 1938 ut
1244 1893 1357 1938 comeda·

356 1950 387 1996 tit
396 1963 480 1997 cernet
489 1963 581 2009 regum.
589 1957 613 1998 et
623 1965 706 1998 eumen
713 1952 904 2006 chiliarcbomm
912 1959 936 1998 et
946 1965 1030 1998 cemes
1039 1953 1143 2006 lonium,
1154 1959 1178 1998 et
1188 1966 1272 1999 cernes
1281 1965 1356 2010 equo·

357 2023 411 2057 rum
421 2017 445 2057 et
454 2011 588 2058 sedentium
598 2025 671 2070 super
681 2011 733 2066 illis,
741 2018 766 2058 et
775 2025 859 2059 cernes
868 2012 977 2059 omnium
988 2013 1116 2060 liberorum
1127 2019 1151 2058 et
1160 2025 1292 2067 servorum,
1302 2025 1357 2073 per-

357 2084 443 2118 vorum
453 2077 478 2118 et
487 2071 643 2131 magnorum·
656 2071 714 2131 (xix.
727 2085 763 2130 17.
776 2073 829 2132 τ8);

237 2196 313 2280 quis·
320 2213 445 2268 usquam
461 2197 535 2281 haec
550 2197 704 2280 intelliget,
720 2197 777 2254 nisi
792 2199 867 2254 sciat
882 2199 953 2323 {uid
970 2199 1068 2254 ‘caro'
1085 2199 1114 2253 in
1133 2215 1221 2254 sensu
1239 2199 1356 2255 interno

237 2265 393 2352 significat.
409 2278 440 2322 et
455 2269 605 2352 nrsruqurd
621 2269 738 2352 ‘reges'
751 2269 886 2324 ‘chiliarc
910 2269 936 2330 i:
950 2268 1074 2332 ‘fortes'
1088 2269 1189 2341 'equi'
1203 2269 1356 2326 ‘sedentes

237 2352 328 2408 super
340 2337 415 2401 tllrs,’
428 2338 541 2393 ‘libert'
553 2347 584 2394 et
598 2349 688 2394 'servi
697 2337 719 2394 Ρ·
757 2338 795 2394 Et
806 2339 886 2410 apud
899 2339 1084 2402 Ezechielem,

283 2469 337 2518 ‘Sic
352 2471 411 2518 dixit
427 2471 547 2544 Dominus
561 2470 673 2534 Jehovih.
685 2471 732 2518 Dic
747 2471 813 2518 omui
829 2471 867 2544 erl
882 2471 949 2526 caeli,
962 2471 1029 2518 omni
1043 2471 1134 2544 bestius
1148 2471 1206 2530 agri.
1219 2469 1357 2530 Congrege-

357 2531 554 2664 miii:
563 2539 707 2664 ‘iiii-‚ili
714 2531 1216 2664 inimicantem
1225 2531 1357 2662 uiuit

357 2664 454 2698 curnem
475 2659 499 2698 et
517 2653 605 2698 brbatrs
621 2652 775 2711 sanguinem:
796 2665 892 2700 caruem
911 2653 1006 2700 loruum
1021 2653 1158 2706 comedetis,
1175 2658 1198 2697 et
1215 2663 1356 2709 sangrunem

357 2711 411 2772 prin
451 2711 770 2784 umterreeblbetis,3,..et
780 2713 910 2784 comedetis
922 2713 1018 2784 adipem
1033 2713 1066 2759 nd
1080 2713 1255 2784 sedentemet
1270 2711 1357 2756 bibetis

353 2830 497 2877 aunuum
509 2785 586 2890 ffpeuss
592 2773 838 2888 ffi‘ssffissf
844 2772 965 2883 ἕῖῗιῗῗυο
973 2785 1034 2883 ΕΞ,
1044 2771 1355 2877 &suffimen

352 2891 388 2938 tie
397 2891 463 2938 dabo
474 2891 576 2950 glorium
587 2903 666 2938 mmm
677 2891 739 2938 inter
747 2890 844 2950 gentu'
859 2891 950 2950 (xxxix.
963 2887 1071 2947 17-21).''

235 3019 357 3091 (Agitur
366 3017 406 3073 ibi
419 3017 457 3073 de
468 3017 683 3073 convocatione
696 3017 830 3073 omnium
843 3017 880 3072 ad
895 3031 1018 3087 regnum
1030 3015 1160 3078 Domini,
1170 3025 1201 3071 et
1215 3015 1244 3070 in
1257 3016 1355 3087 specie

237 3095 275 3150 de
287 3094 502 3150 instauratione
511 3093 652 3150 ecclesiae
664 3095 743 3166 apud
756 3106 877 3167 gentes;
895 3105 926 3150 et
939 3111 992 3166 per
1000 3095 1180 3150 “comedere
1193 3109 1311 3148 carnem
1325 3103 1356 3148 et

237 3175 337 3231 bibere
350 3174 551 3246 sanguinem,”
564 3173 748 3246 significatur
760 3175 950 3245 appropriare
962 3175 1018 3230 sibi
1033 3173 1176 3228 Divinum
1191 3173 1308 3228 Bonum
1324 3184 1356 3228 et

239 3253 382 3310 Divinum
397 3253 517 3316 Verum,
531 3254 573 3309 lta
587 3253 722 3310 saniium
735 3256 815 3326 quod
832 3255 967 3326 procedit
981 3271 1000 3310 a
1013 3253 1123 3310 Divino
1138 3253 1280 3308 Humano
1294 3252 1355 3308 Do-

237 3335 319 3390 mini.
343 3333 419 3408 Quis
429 3351 490 3390 non
499 3335 602 3390 videre
611 3345 711 3406 potest
720 3337 801 3406 quod
813 3351 873 3390 non
883 3352 952 3390 caro
963 3351 1015 3406 per
1023 3343 1164 3390 “camem
1173 3335 1188 3354 ”
1196 3344 1226 3389 et
1236 3336 1356 3406 sanguis

237 3433 290 3488 per
300 3416 497 3489 '‘sanguinem
506 3417 521 3436 ''
532 3416 571 3471 ibi
582 3415 785 3488 intelligatur?
799 3426 832 3471 ut
841 3417 922 3487 quod
934 3425 1075 3472 “carnem
1086 3416 1207 3472 lortium
1218 3417 1356 3472 comede-

237 3496 330 3560 rent‚”
342 3505 358 3527 ‘¹
367 3497 541 3569 sanguinem
555 3497 721 3568 principum
735 3507 830 3552 terrae
844 3497 1006 3560 biberent,”
1019 3509 1049 3552 et
1061 3498 1142 3568 quod
1156 3497 1354 3570 “sanguinem

238 3577 374 3633 biberent
386 3579 480 3649 usque
495 3578 533 3633 ad
548 3578 721 3634 ebrietatem
730 3577 754 3641 ;’¹
773 3587 837 3632 tum
851 3579 932 3649 quod
946 3577 1148 3633 “satiarentur
1160 3593 1245 3648 equo,
1258 3593 1354 3641 curru.

236 3655 307 3714 lorti
320 3669 351 3713 et
363 3657 445 3713 omni
458 3658 524 3713 viro
536 3657 633 3713 belli.''
659 3656 751 3730 (Quid
764 3673 817 3728 per
827 3665 919 3712 “aves
932 3657 1004 3712 caeli
1013 3659 1029 3678 '⁹
1039 3668 1070 3713 et
1080 3665 1095 3686 ¹⁴
1105 3657 1214 3712 bestias
1226 3657 1288 3728 agri
1299 3657 1314 3678 ''
1325 3657 1355 3712 ln

237 3753 324 3794 sensu
338 3739 484 3809 spirituali
497 3737 688 3810 significatur,
699 3737 835 3792 videatur
848 3737 877 3792 in
890 3753 980 3808 opere
989 3738 1035 3792 De
1048 3738 1131 3793 Caelo
1143 3743 1171 3792 et
1182 3737 1312 3808 Inferna.
1327 3753 1355 3794 n.

239 3831 296 3882 tto,
309 3819 383 3874 etin
397 3819 477 3875 notis
490 3819 530 3874 ibi
542 3819 557 3873 l
570 3819 719 3890 [videatur
731 3818 820 3872 edr'ttb
826 3818 999 3889 princepsl)

290 3953 305 3977 ‘¹
316 3945 530 4016 Expendantur
544 3959 623 3999 nunc
636 3943 717 4004 haec,
728 3959 804 4014 quae
818 3941 966 3999 Dominus
979 3942 1017 3998 de
1032 3957 1086 3997 sua
1097 3957 1185 3997 came
1201 3951 1232 3996 et
1248 3941 1286 3998 de
1300 3957 1356 3998 suo

237 4016 381 4088 sanguine
392 4015 469 4070 dixit
480 4015 560 4086 apud
578 4014 750 4088 Johannem,

280 4135 373 4188 'Funis
384 4147 457 4194 quem
469 4135 522 4194 ligo
533 4135 605 4188 dubo.
616 4147 673 4181 cero
683 4145 738 4180 men
747 4139 783 4180 est
790 4167 854 4181 .....
885 4133 972 4186 Amen.
980 4145 1059 4186 amen.
1070 4131 1125 4178 dieo
1136 4131 1211 4184 vobis,
1221 4130 1266 4177 nisi
1275 4143 1356 4178 como

356 4195 538 4242 derltlscernem
546 4193 861 4248 Fililhominls.etblberetls
869 4193 1154 4251 Ipsiusmnguinemmon
1160 4191 1277 4238 babebitis
1282 4193 1356 4237 vitam

355 4255 381 4302 ln
388 4255 464 4304 vobis.
490 4255 539 4313 Qut
549 4255 654 4301 comedit
663 4267 742 4300 meum
751 4266 847 4300 carnem
855 4260 879 4298 et
887 4253 946 4299 bibit
953 4265 1035 4298 meum
1044 4253 1193 4311 sanguinem.
1200 4251 1274 4297 hebet
1281 4253 1355 4297 vitam

355 4313 1015 4374 eetmnem.etegoremscimboillumexiremodie;
1037 4318 1356 4358 nemeeromeeestvere

355 4377 431 4430 ebus.
442 4382 466 4422 et
480 4375 577 4434 anguls
586 4387 655 4420 meus
667 4381 703 4420 est
713 4387 769 4420 vere
779 4379 864 4433 potus:
881 4373 923 4431 qui
935 4371 1040 4419 commit
1055 4385 1134 4418 meent
1144 4383 1250 4425 amem,
1260 4377 1285 4418 et
1295 4371 1356 4418 bibit

356 4433 961 4558 ffiffissffew'amhmo'
975 4431 1355 4492 ....lllcpeulscttquleceelo

238 4623 569 4700 promoverimus
581 4623 621 4680 sit
634 4621 775 4679 Divinum
790 4621 917 4686 Bonum.
930 4629 962 4678 et
974 4619 1125 4694 ‘sanguis'
1139 4618 1280 4676 Divinum
1294 4618 1354 4677 Ve-
