3338 5300
287 683 331 762 64
760 695 935 747 conotus.

289 864 397 947 signa,
417 884 503 947 quae
526 873 563 928 ut
586 860 720 946 objedta
737 863 909 946 religionis
928 863 971 926 ab
990 862 1180 926 hominibus
1198 857 1407 944 [Ecclesiae]

289 959 483 1022 Noachicae
495 967 530 1022 et
544 959 750 1022 Israeliticae
762 959 915 1021 sensibus
928 959 1077 1040 corporis
1090 957 1326 1039 captabantur,
1341 977 1408 1020 non

289 1052 387 1116 simul
402 1073 447 1116 ex
459 1055 627 1135 superiore
644 1073 703 1116 seu
717 1053 876 1116 interiore
892 1053 978 1129 idea,
995 1073 1081 1135 quae
1097 1073 1201 1134 prope
1217 1053 1350 1116 accedit
1365 1053 1408 1116 ad

289 1147 507 1230 spiritualem,
519 1145 674 1230 spectata
686 1158 776 1222 sunt,
788 1148 898 1210 cultus
910 1169 988 1211 vere
1001 1147 1308 1230 repraesentativus
1319 1147 1408 1229 apud

289 1243 365 1305 illos
384 1243 480 1306 facile
500 1243 658 1307 ceciderit
676 1243 711 1304 in
730 1242 1000 1306 idololatricum.·
1034 1240 1128 1305 Sicut
1148 1262 1208 1323 pro
1227 1241 1407 1324 exemplo:

288 1337 315 1400 si
334 1338 377 1400 de
393 1337 613 1401 tabernaculo
629 1357 698 1400 non
717 1337 814 1400 simul
834 1339 1079 1419 cogitavissent
1096 1338 1181 1400 sicut
1200 1336 1243 1400 de
1259 1337 1356 1400 caelo
1372 1347 1408 1400 et

290 1431 456 1507 Ecclesia,
477 1453 516 1496 ac
540 1433 582 1495 de
605 1432 801 1496 habitaculo
825 1432 888 1495 Dei
911 1433 945 1494 in
965 1432 1031 1495 illis
1043 1454 1051 1509 ;
1082 1431 1125 1494 de
1145 1431 1286 1512 panibus
1307 1431 1408 1495 iacie-

288 1547 361 1590 rum
377 1529 467 1603 inibi,
481 1547 549 1590 non
565 1528 663 1590 simul
680 1529 766 1590 sicut
779 1527 821 1590 de
838 1547 924 1608 pane
940 1527 1080 1590 caelesti
1097 1527 1239 1589 nutricio
1255 1527 1407 1603 animae;

289 1622 332 1685 de
358 1623 456 1685 thure
483 1632 518 1685 et
545 1621 659 1686 suffitu
685 1642 785 1704 super
810 1621 908 1684 altari
935 1641 1036 1684 aureo
1065 1621 1120 1694 ibi,
1146 1641 1214 1684 non
1240 1619 1338 1684 simul
1365 1621 1408 1685 de

288 1716 382 1780 cultu
404 1738 450 1779 ex
468 1715 534 1781 fide
553 1727 588 1780 et
611 1717 788 1790 charitate,
809 1717 900 1798 quod
923 1717 975 1779 hic
995 1717 1084 1779 sicut
1107 1725 1225 1797 gratus
1247 1717 1332 1779 odor
1353 1736 1407 1778 as·

289 1811 414 1876 cendat
437 1812 480 1875 ad
502 1812 687 1892 Jehovam;
721 1813 764 1874 de
788 1812 967 1874 luminibus
990 1811 1023 1874 in
1046 1811 1191 1874 lucernis
1214 1809 1408 1874 candelabri

288 1908 379 1970 aurei
397 1908 540 1980 accensi,
561 1926 629 1970 non
652 1907 750 1969 simul
774 1907 860 1969 sicut
884 1907 926 1970 de
949 1905 1195 1970 illuminatione
1214 1901 1408 1968 intellectus

288 2003 322 2065 in
337 2002 509 2084 religionis
524 2001 658 2064 illorum
675 1999 834 2083 objettis;
858 2002 967 2085 deque
980 2003 1229 2065 comessatione
1244 2021 1265 2063 a
1281 1998 1407 2064 sancti·

288 2097 408 2172 ficatis,
425 2117 493 2158 non
509 2097 606 2159 simul
626 2107 662 2160 ut
681 2098 724 2160 de
742 2099 1015 2180 appropriatione
1031 2097 1181 2159 ciborum
1198 2095 1407 2172 caelestium,

289 2201 324 2255 et
355 2212 487 2274 quoque
518 2192 560 2254 de
591 2193 767 2273 spirituum
794 2211 911 2254 eorum
939 2189 1058 2254 sancta
1083 2189 1331 2254 refocillatione
1362 2211 1407 2254 ex

289 2283 433 2368 peractis
456 2287 647 2364 sacrificiis;
671 2296 706 2349 et
725 2287 878 2349 similiter
897 2288 939 2349 de
961 2285 1106 2368 reliquis.
1151 2285 1288 2348 Exinde
1311 2294 1408 2367 patet

289 2380 380 2462 quod
403 2381 431 2443 si
453 2380 556 2443 homo
579 2379 755 2444 Ecclesiae
779 2383 1089 2463 repraesentativae
1113 2379 1170 2442 illa
1193 2399 1278 2462 quae
1298 2379 1408 2442 cultus

290 2475 379 2538 illius
409 2475 554 2551 luerunt,
586 2495 653 2538 non
685 2475 783 2538 simul
814 2477 933 2558 spiritu
963 2474 1121 2538 rationali
1150 2474 1320 2537 illustrato
1349 2495 1409 2556 per

289 2569 398 2633 lucem
418 2571 602 2634 caelestem
621 2591 641 2633 a
661 2569 819 2645 Domino,
839 2572 898 2634 sed
918 2570 1027 2634 solum
1047 2570 1163 2652 spiritu
1181 2569 1339 2632 rationali
1357 2570 1407 2632 in·

289 2663 418 2728 strutio
437 2685 496 2746 per
514 2665 627 2728 lumen
647 2665 799 2728 naturale
819 2666 934 2728 mundi
952 2685 972 2728 a
991 2685 1027 2727 se
1044 2665 1129 2746 ipso,
1146 2665 1292 2745 aspexit,
1311 2663 1409 2727 facile

290 2761 437 2842 potuerit
460 2780 480 2822 a
502 2760 595 2823 cultu
618 2761 765 2841 genuino
788 2761 1078 2842 repraesentativo
1097 2759 1203 2840 abripi
1226 2759 1259 2821 in
1279 2757 1407 2821 cultum

289 2853 548 2928 idololatricum,
573 2865 608 2917 et
632 2857 678 2917 sic
702 2857 847 2932 vastari3
879 2874 957 2917 nam
981 2854 1129 2917 vastatio
1151 2872 1219 2915 non
1243 2852 1332 2916 aliud
1355 2861 1408 2916 est

289 2969 390 3030 quam
409 2949 567 3023 deviatio,
585 2949 778 3024 declinatio,
796 2960 831 3012 et
850 2949 1007 3030 delapsus
1026 2969 1046 3011 a
1065 2947 1158 3010 cultu
1173 2957 1407 3029 repraesenta·

289 3045 361 3106 tivo
388 3044 420 3106 in
444 3043 712 3121 idololatricam
742 3046 799 3126 qui
822 3045 889 3108 duo
912 3043 1024 3106 cultus
1047 3053 1124 3105 sunt
1148 3041 1274 3104 similes
1296 3042 1407 3124 quoad

289 3137 408 3201 faciem
419 3149 609 3213 externam,
622 3159 689 3202 non
700 3149 813 3202 autem
825 3139 936 3220 quoad
948 3137 1066 3200 faciem
1079 3138 1259 3200 internam.
1304 3137 1407 3218 Prop-

290 3245 343 3296 ter
365 3233 549 3315 proclivem
573 3233 660 3296 hunc
680 3233 866 3315 delapsum,
887 3233 930 3295 ab
953 3253 1019 3294 uno
1039 3232 1131 3295 cultu
1155 3233 1210 3314 qui
1233 3233 1266 3294 in
1289 3253 1325 3295 se
1348 3231 1408 3296 suit

290 3326 447 3392 caelestis
469 3329 502 3391 in
525 3327 669 3392 alterum
692 3329 748 3412 qui
775 3329 807 3390 in
833 3349 869 3390 se
896 3337 969 3391 erat
992 3326 1171 3400 infernalis,
1197 3347 1264 3389 non
1288 3335 1407 3408 potue·

290 3431 368 3485 runt
387 3423 546 3486 interiora
566 3423 741 3486 Ecclesiae
765 3434 800 3486 et
824 3422 996 3503 religionis
1016 3433 1096 3484 ante
1116 3421 1316 3484 Adventum
1337 3421 1407 3484 Do-

291 3518 381 3589 mini,
401 3527 436 3580 et
456 3528 535 3580 tunc
560 3539 618 3600 per
638 3517 746 3580 lucem
766 3519 809 3580 ab
832 3517 921 3600 ipso,
941 3516 1093 3592 revelari,
1113 3525 1234 3598 utpote
1253 3515 1295 3579 de
1313 3515 1408 3579 caelo

290 3622 326 3675 et
349 3611 488 3686 insern0,
510 3613 552 3675 de
571 3609 824 3688 resurrefflone,
843 3622 879 3676 et
902 3613 973 3674 vita
991 3612 1167 3693 spirituum
1190 3631 1306 3674 eorum
1330 3621 1407 3692 post

291 3717 446 3780 mortem,
461 3707 570 3789 deque
582 3707 767 3770 animarum
781 3706 912 3769 illorum
926 3705 1193 3778 immortalitate,
1208 3705 1251 3768 de
1267 3725 1407 3787 regene-

290 3803 431 3874 ratione,
452 3811 487 3864 et
510 3803 542 3864 in
566 3821 697 3864 summa
720 3802 879 3863 interiora
897 3801 939 3863 de
963 3799 1027 3862 fide
1051 3811 1085 3863 et
1109 3801 1296 3877 charitate;
1324 3819 1407 3881 quo-

291 3897 380 3959 niam
397 3895 454 3958 illa
466 3897 680 3978 aspexissent
693 3895 750 3958 vix
764 3895 862 3958 aliter
873 3915 973 3976 quam
987 3897 1072 3958 sicut
1089 3915 1169 3957 aves
1181 3915 1281 3976 supra
1294 3905 1406 3975 caput,

289 4000 348 4054 aut
361 3991 446 4053 sicut
459 3993 532 4072 quis
545 4001 696 4053 meteora
708 3991 741 4053 in
754 4009 831 4052 aere
844 4011 851 4068 ;
872 3999 906 4052 et
920 3999 1095 4071 praeterea
1107 3988 1339 4052 obvolvissent
1351 3988 1409 4052 illa

292 4085 391 4147 meris
409 4083 550 4148 fallaciis
569 4103 726 4148 sensuum
746 4094 817 4147 tam
836 4085 941 4147 dense
960 4105 1064 4166 usque
1083 4093 1120 4146 ut
1144 4103 1211 4146 non
1230 4083 1407 4164 quicquam

291 4179 333 4241 de
357 4178 514 4243 revelatis
533 4179 759 4262 spiritualibus
782 4189 936 4242 exstaret
960 4179 1139 4252 residuum,
1160 4179 1222 4240 nisi
1245 4187 1407 4260 quantum

289 4293 335 4336 ex
353 4273 436 4337 facie
455 4293 543 4356 apex
564 4275 645 4348 nasi,
665 4285 723 4338 aut
742 4295 787 4336 ex
806 4275 959 4338 manibus
978 4274 1099 4354 unguis
1117 4273 1235 4353 digiti;
1265 4281 1301 4336 et
1323 4291 1407 4354 quo·

289 4388 355 4449 que
374 4368 619 4432 deformassent
639 4369 696 4431 illa
714 4370 763 4432 ita
781 4379 818 4432 ut
837 4388 951 4432 coram
968 4367 1099 4448 angelis
1119 4387 1186 4430 non
1206 4373 1407 4448 apparerent

290 4462 388 4526 aliter
400 4483 500 4546 quam
516 4465 602 4528 sicut
619 4474 807 4528 monstrum
821 4465 985 4526 marinum
998 4459 1156 4526 amidtum
1170 4460 1282 4543 pallio,
1296 4459 1406 4542 quoad

290 4569 392 4638 caput
411 4559 520 4632 mitia,
540 4568 575 4621 et
598 4559 709 4642 quoad
732 4559 862 4632 faciem,
882 4568 1063 4640 postquam
1086 4556 1169 4620 haec
1192 4575 1268 4618 rasa
1290 4565 1326 4618 et
1349 4573 1406 4617 co·

291 4651 399 4715 lorata
415 4661 478 4728 est,
492 4653 577 4716 sicut
591 4654 687 4717 simia
702 4655 754 4717 cui
770 4653 870 4716 iacies
886 4651 982 4716 calva
998 4661 1070 4715 est:
1095 4661 1130 4714 et
1146 4670 1278 4734 quoque
1294 4667 1406 4713 coram
