3338 5300
289 689 330 756 7²
370 733 373 738 .
764 685 937 738 conotus.

289 855 475 931 Christus,”
493 867 528 920 et
549 855 683 919 “FiIius
703 855 794 918 Dei.”
839 853 940 937 Quod
960 855 1143 920 Adventus
1168 855 1305 920 Domini
1328 877 1407 921 nos-

288 951 331 1015 tri
355 953 388 1014 in
413 950 622 1033 perplurimis
642 949 725 1014 locis
747 952 838 1033 apud
862 950 1050 1034 Prophetas
1073 949 1265 1033 praedictus
1288 953 1342 1026 sit,
1362 973 1406 1014 ex

287 1047 495 1128 allegatione
518 1043 785 1128 praedictionum
813 1047 846 1108 in
873 1046 1092 1128 sequentibus
1117 1047 1295 1110 videbitur.
1340 1045 1408 1110 Sed

287 1142 458 1224 quaeritur
481 1149 632 1203 curtam
655 1140 811 1222 frequens
834 1137 1019 1223 praediciio
1042 1140 1085 1202 de
1108 1139 1272 1204 Adventu
1299 1141 1409 1224 Ipsius

286 1233 375 1298 satia
387 1245 438 1298 est
453 1255 461 1296 :
485 1233 617 1297 fuerunt
634 1233 746 1316 plures
759 1255 891 1310 causae,
905 1235 1072 1318 quaedam
1088 1232 1285 1318 spectantes
1297 1236 1406 1318 Popu-

287 1330 356 1394 lum
380 1329 601 1393 israeliticum
626 1339 661 1393 et
683 1329 870 1411 Judaicum,
890 1331 1056 1414 quaedam
1080 1328 1275 1414 speetantes
1298 1331 1407 1414 Popu-

177 1474 180 1482 .
287 1425 356 1487 lum
391 1423 620 1488 Christianum
658 1435 736 1506 post
773 1422 859 1489 illos.
905 1420 973 1490 Sed
1009 1427 1260 1490 recensebimus
1289 1439 1408 1490 causas

286 1508 482 1600 spei'tantes
512 1519 675 1601 imprimis
709 1520 872 1602 Populum
904 1517 1127 1584 israeliticum
1157 1532 1192 1585 et
1221 1521 1407 1603 Judaicum.

286 1614 408 1677 Prima
421 1625 506 1688 erat,
523 1625 560 1678 ut
580 1635 639 1696 per
655 1617 925 1680 nominationem
944 1626 980 1680 et
999 1617 1270 1680 recordationem
1287 1617 1406 1699 Ipsius.

287 1711 320 1772 ln
344 1709 437 1774 cultu
459 1711 610 1773 interiori
632 1709 783 1791 Jehovae
807 1713 1073 1785 continerentur,
1097 1713 1257 1794 quoniam
1280 1712 1408 1793 absque

286 1803 346 1867 illo
365 1804 513 1867 nonfuit
536 1806 707 1886 Ingressus
725 1804 876 1886 Jehovae
899 1806 942 1870 ad
965 1805 1112 1890 aliquem
1135 1827 1180 1870 ex
1203 1806 1279 1880 illis,
1299 1827 1408 1889 neque

286 1919 443 1963 accessus
466 1899 563 1962 ullius
587 1921 631 1964 ex
655 1899 719 1962 illis
743 1901 786 1963 ad
808 1900 984 1982 Jehovam.
1030 1900 1146 1966 Simile
1169 1911 1242 1966 erat
1264 1911 1346 1966 tunc
1371 1911 1408 1966 ut

286 2005 340 2058 est
359 1991 471 2068 hodie,

336 2129 415 2194 Quod
429 2125 515 2179 Deum
529 2127 636 2179 Patrem
649 2133 754 2179 “nemo
767 2131 880 2188 viderit;
900 2129 1062 2194 Uulgenitus
1075 2129 1167 2190 Filius,
1180 2131 1227 2196 qui
1243 2131 1271 2180 in
1284 2131 1346 2181 sinu
1359 2131 1409 2182 Pa·

417 2196 465 2246 tris
477 2206 526 2254 est,
543 2195 591 2244 llle
603 2198 728 2258 exposuit
736 2195 750 2215 ”
761 2195 837 2261 (Joh.
849 2197 866 2246 i.
880 2197 926 2256 18;
943 2211 1002 2258 cap.
1014 2209 1040 2247 v.
1052 2195 1111 2258 37);

287 2284 371 2350 tum,
436 2370 550 2420 “Nemo
562 2371 636 2420 venit
648 2372 682 2420 ad
697 2371 803 2420 Patrem
816 2371 868 2421 nisi
880 2385 928 2434 pet
939 2369 985 2420 Me
994 2370 1008 2392 '⁵
1020 2369 1096 2436 (Joh-
1107 2372 1161 2423 xlv·
1173 2370 1207 2434 ⁶)-

287 2505 437 2571 Secunda
465 2526 567 2569 causa
594 2502 752 2588 spectans
784 2505 948 2587 Populum
978 2506 1084 2582 illum,
1112 2507 1184 2583 luit,
1212 2509 1303 2591 quod
1333 2509 1407 2591 typi

286 2601 566 2683 repraesentativi
597 2599 774 2663 Ecclesiae
801 2599 945 2675 illorum,
973 2603 1029 2684 qui
1058 2621 1178 2666 omnes
1204 2599 1406 2684 spectabant

287 2695 471 2758 Dominum
491 2703 643 2757 nostrum
667 2703 703 2757 et
727 2693 919 2758 Ecclesiam
939 2695 982 2758 ab
1006 2695 1086 2777 Ipso
1108 2705 1187 2778 post
1206 2694 1406 2759 Adventum

286 2790 395 2872 ipsius
414 2788 678 2862 instaurandam,
696 2789 898 2852 inservirent
917 2789 983 2852 illis
1002 2799 1039 2852 ut
1058 2789 1204 2854 totidem
1224 2790 1352 2853 indices
1370 2801 1406 2854 et

284 2883 442 2966 symbola
465 2883 576 2946 cultus
599 2882 755 2961 illorum;
786 2893 1045 2966 consequenter,
1070 2893 1107 2948 ut
1130 2903 1208 2948 cum
1230 2881 1406 2950 venisset¹'¹

286 2987 514 3060 agnoscerent
546 2977 671 3058 Ipsum,
696 2987 731 3039 et
762 2978 912 3041 sinerent
943 2997 979 3042 se
1009 2977 1178 3043 introduci
1209 2979 1243 3042 in
1272 2979 1406 3043 interna

286 3073 398 3136 cultus
416 3073 534 3154 Ipsius,
552 3081 587 3134 et
607 3091 763 3134 unacum
781 3071 940 3153 gentibus
956 3093 1042 3154 quae
1058 3074 1183 3136 circum
1200 3072 1277 3135 illos
1296 3084 1403 3148 erant,

286 3167 405 3231 fierent
422 3167 613 3230 Christiani.
665 3165 779 3228 Tertia
794 3187 896 3230 causa
911 3165 982 3240 fuit,
1000 3177 1037 3230 ut
1056 3185 1115 3248 per
1130 3167 1404 3231 recordationem

287 3262 469 3325 Adventus
482 3261 601 3342 Ipsius,
615 3260 739 3342 aliquid
757 3262 905 3324 notionIs
917 3281 976 3324 seu
992 3261 1087 3326 ideae
1103 3261 1147 3324 de
1162 3257 1405 3326 resurreetione

285 3368 322 3420 et
352 3357 395 3419 de
425 3357 495 3418 vita
525 3365 664 3418 aeterna
694 3355 924 3436 cogitationes
953 3354 1088 3418 illorum
1118 3356 1270 3418 intraret.
1321 3353 1404 3436 Quis

286 3453 376 3516 enim
392 3471 437 3514 ex
453 3450 518 3512 illis
531 3469 599 3512 non
612 3450 779 3531 potuisset
796 3450 935 3512 interius
951 3451 1037 3514 inse
1053 3469 1114 3513 seu
1124 3449 1227 3512 corde
1239 3451 1402 3531 cogitare,

289 3544 407 3628 “Quid
435 3545 532 3608 nobis
559 3563 635 3607 cum
664 3543 801 3619 Mesala,
829 3552 1011 3626 postquam
1036 3545 1161 3608 mortui
1188 3563 1313 3620 sumus,
1343 3545 1404 3608 nisi

285 3649 531 3705 reverteremur
553 3648 645 3713 tunc,
665 3638 856 3700 videremus
879 3637 1023 3719 gloriam
1047 3638 1166 3721 Ipsius,
1186 3648 1222 3702 et
1245 3655 1404 3720 regnare-

287 3753 361 3799 mus
380 3755 456 3798 cum
481 3733 559 3815 Ipso
569 3733 598 3795 ?'’
643 3732 727 3795 Inde
746 3732 941 3814 religiosum
964 3733 1097 3796 illorum
1116 3734 1291 3796 scaturivit
1313 3733 1404 3816 quod

286 3851 328 3893 eo
351 3839 505 3911 tempore
529 3824 743 3890 resurrecturi
766 3827 844 3900 sint,
864 3828 1004 3910 quisque
1026 3847 1071 3890 ex
1095 3847 1156 3890 suo
1179 3826 1345 3909 sepulcro,
1368 3839 1404 3892 et

286 3925 319 3987 in
347 3923 487 3987 Terram
511 3921 706 3986 Canaanem
734 3922 881 3984 redituri.
929 3920 1061 3999 Quarta
1085 3941 1187 3984 causa
1212 3921 1284 3996 fuit,
1308 3931 1345 3986 ut
1370 3923 1404 3986 in

286 4027 380 4082 statu
403 4017 605 4082 vastationis
627 4015 663 4079 et
686 4017 914 4098 oppressionis
941 4015 1084 4091 illorum,
1109 4015 1246 4098 quando
1272 4017 1304 4080 in
1327 4025 1404 4082 ten·

287 4113 473 4178 tationibus
498 4120 534 4174 et
561 4107 796 4174 afflietionibus
822 4121 930 4187 erant,
958 4110 1215 4174 sublevarentur
1238 4120 1275 4176 et
1305 4130 1405 4175 sana-

287 4217 413 4283 rentur,

336 4341 408 4392 Sicut
425 4349 514 4468 psqtres
527 4351 553 4390 et
569 4340 665 4391 iratres
678 4353 770 4391 eorum
788 4339 815 4389 in
827 4341 935 4390 deserto
945 4338 1041 4404 (Num.
1055 4339 1109 4390 xxi.
1126 4335 1210 4403 1-qffl;
1236 4338 1298 4406 Joh.
1313 4337 1348 4390 nt.
1364 4351 1403 4400 14,

419 4419 431 4456 1
470 4421 476 4466 ἱ

288 4553 367 4598 nam
382 4533 510 4616 absque
526 4531 584 4596 illa
600 4531 835 4596 sublevatione
851 4541 886 4596 et
902 4532 1081 4596 sanatione
1099 4530 1290 4614 potuissent
1306 4547 1404 4594 scan-

288 4628 366 4692 dala
378 4628 543 4710 conjicere
559 4629 593 4690 in
604 4625 780 4708 Jehovam.
794 4637 829 4690 et
846 4647 865 4690 a
881 4625 974 4691 cultu
991 4625 1099 4710 ipsius
1115 4626 1404 4709 repraesentativo
