3352 5298
501 643 550 694 ΕΤ
572 643 656 710 EJUS
679 643 877 696 DOCTRINA
899 643 1419 715 CAELEST1.-N.7.13

304 823 357 878 est
375 813 442 878 ire:
470 813 549 879 inde
572 835 660 880 nunc
680 816 843 899 estquod
861 835 921 899 per
937 810 1261 897 “Hierosolymam’'
1273 815 1306 879 in
1318 835 1419 879 sensu

304 921 469 1004 spirituali
499 921 707 1004 significetur
732 921 878 988 ecclesia
902 923 1015 1007 quoad
1045 923 1198 1002 cultum;
1233 943 1303 998 seu,
1328 922 1420 1006 quod
1479 955 1482 962 ·

304 1029 405 1105 idem,
422 1031 534 1112 quoad
551 1027 761 1111 doctrinam
791 1049 870 1096 narn
893 1031 1006 1095 cultus
1028 1033 1265 1115 praescribitur
1283 1031 1317 1094 in
1340 1031 1420 1094 doc·

304 1138 403 1212 trina,
420 1158 460 1202 ac
477 1137 514 1202 fit
531 1140 716 1203 secundum
734 1139 839 1204 illam.
884 1137 985 1222 Quod
1004 1140 1147 1216 dicatur,
1166 1136 1323 1204 “Sandta
1337 1139 1419 1202 civi-

304 1255 368 1322 tas,
384 1243 625 1328 Hierosolyma
637 1245 746 1323 Nova,
761 1247 974 1312 descendens
986 1267 1007 1311 a
1020 1247 1094 1311 Deo
1107 1269 1126 1311 e
1138 1246 1265 1323 caelo,”
1277 1256 1330 1310 est
1343 1248 1421 1329 quia

304 1354 338 1416 in
368 1373 470 1418 sensu
500 1353 607 1420 Verbi
636 1355 801 1438 spirituali
830 1375 890 1438 per
920 1355 1129 1420 “civitatem
1140 1355 1155 1382 ’¹
1182 1364 1218 1420 et
1247 1361 1267 1388 “
1278 1355 1394 1418 urbem
1405 1353 1421 1379 ’⁹

303 1460 514 1543 significatur
532 1461 696 1538 dodlrina,
714 1483 753 1528 ac
773 1483 832 1548 per
849 1461 1033 1528 “sancum
1051 1464 1228 1528 civitatem
1236 1463 1251 1490 ”
1266 1461 1421 1527 doctrina

304 1569 419 1634 Divini
431 1568 525 1644 Veri,
538 1590 618 1634 nam
637 1571 798 1636 Divinum
810 1571 940 1636 Verum
958 1583 1013 1638 est
1028 1573 1119 1656 quod
1132 1582 1275 1636 vocatur
1288 1577 1308 1605 “
1318 1591 1418 1635 sanc·

278 1663 282 1674 ¹
305 1687 378 1742 tum
387 1678 402 1703 ”
421 1679 455 1742 in
478 1678 615 1744 Verbo:
649 1680 740 1763 quod
770 1680 903 1745 dicatur
919 1679 1191 1763 “Hierosolyma
1221 1679 1350 1756 Nova,''
1364 1689 1419 1744 est

303 1807 349 1851 ex
375 1786 475 1852 simili
499 1807 603 1852 causa
628 1809 673 1852 ex
700 1809 767 1872 qua
786 1789 929 1854 “terra”
946 1790 1070 1854 dicitur
1088 1795 1208 1854 “nova
1219 1787 1246 1869 ;''
1268 1809 1359 1865 nam,
1382 1799 1421 1854 ut

304 1913 387 1959 mox
406 1916 507 1979 supra
529 1894 656 1960 dicium
679 1907 744 1974 est,
764 1917 823 1980 per
840 1897 1020 1962 “terram''
1036 1896 1246 1981 significatur
1264 1897 1420 1974 ecclesia,

304 2011 341 2066 et
369 2024 429 2086 per
456 2009 476 2038 “
486 2004 761 2086 Hierosolymam
771 2005 786 2031 '¹
812 2005 872 2069 illa
898 2005 1044 2070 ecclesia
1072 2005 1183 2089 quoad
1209 2003 1419 2068 doetrinam:

304 2113 395 2194 quod
415 2113 558 2191 dicatur,
577 2119 626 2178 “a
645 2114 721 2178 Deo
739 2135 758 2178 e
777 2113 874 2178 caelo
893 2113 1136 2191 descendens‚”
1150 2123 1205 2177 est
1224 2113 1302 2196 quia
1319 2132 1422 2176 omne

305 2219 433 2285 Verum
464 2223 635 2302 Divinum,
659 2244 705 2287 ex
735 2243 803 2307 quo
831 2219 996 2298 dodtrina,
1023 2223 1202 2288 descendit
1231 2243 1250 2286 e
1279 2221 1376 2286 caelo
1401 2242 1422 2284 a

305 2329 464 2396 Domino.
502 2330 604 2414 Quod
616 2354 676 2416 per
690 2338 709 2365 ‘⁴
719 2331 996 2413 Hierosolymam
1003 2330 1019 2357 '¹
1032 2351 1101 2395 non
1114 2330 1328 2414 intelligatur
1339 2331 1421 2394 civi·

305 2449 370 2516 tas,
384 2443 523 2505 tametsi
539 2451 576 2506 ut
592 2443 713 2506 civitas
727 2443 800 2505 visa
815 2451 880 2518 est,
894 2450 991 2524 patet
1008 2439 1186 2504 manifeste
1201 2459 1247 2502 ex
1263 2459 1316 2514 eo,
1330 2439 1421 2523 quod

305 2549 439 2614 dicatur

355 2689 433 2754 Quod
451 2689 563 2739 altitudo
580 2688 639 2752 ejus
659 2699 731 2739 esset
750 2689 819 2739 ricut
838 2689 979 2752 longitudo
996 2698 1024 2738 et
1041 2688 1163 2748 latitudo,
1177 2687 1318 2738 duodecim
1338 2688 1423 2737 millio

435 2755 582 2805 stadiorum
599 2752 699 2820 ([Apoc.
711 2752 780 2819 xxi]
794 2769 862 2804 vera.
878 2755 934 2816 κως

356 2819 391 2870 Et
406 2821 478 2884 quod
492 2835 619 2870 mensura
632 2821 701 2870 muri
717 2820 785 2884 ejus,
799 2835 867 2884 quae
880 2829 988 2869 centum
1003 2819 1072 2883 quad
1133 2827 1181 2868 nte
1194 2827 1308 2882 quatuor
1321 2818 1424 2868 cubito·

436 2900 503 2946 rum,
515 2895 587 2936 esset
599 2900 725 2936 mensura
735 2885 861 2946 bominis,
873 2899 941 2950 quae
952 2895 995 2934 ert
1006 2833 1188 2948 angeiiiiera.
1204 2883 1260 2947 17):

308 3029 382 3084 tum
400 3019 492 3103 quod
510 3019 654 3096 dicatur,

530 3155 545 3178 ¹⁴
552 3153 649 3204 Parata
659 3162 689 3203 ιιι
699 3167 801 3216 eponae
811 3165 903 3202 coram
915 3151 973 3201 viro
983 3165 1035 3201 ouo
1043 3148 1058 3170 '⁹
1069 3149 1149 3212 (vere.
1159 3148 1200 3212 a);

308 3295 344 3350 et
362 3294 484 3370 postea
503 3285 591 3348 dixit
610 3283 764 3366 angelus,

353 3422 369 3443 '⁶
375 3419 452 3479 Veni,
461 3419 603 3469 ostendam
615 3417 663 3468 tibi
675 3431 813 3482 sponsam,
825 3430 937 3466 uxorem
949 3415 1038 3478 Agni:
1058 3451 1081 3465 ..
1091 3451 1097 3464 .
1107 3422 1146 3464 ‚et
1153 3413 1274 3463 ostendit
1285 3411 1352 3462 mibi
1362 3411 1426 3462 civi·

437 3493 532 3536 tatem.
543 3481 676 3535 naucum
688 3483 761 3532 illam
775 3481 995 3545 Hierosolymam
1002 3479 1017 3500 ''
1029 3479 1109 3542 (uera.
1121 3475 1159 3544 9[,
1174 3475 1244 3543 10]):

311 3625 455 3690 ecclesia
477 3635 531 3690 est
553 3645 639 3708 quae
665 3624 700 3688 in
722 3622 841 3687 Verbo
862 3631 1006 3686 vocatur
1025 3618 1204 3704 “sponsa”
1225 3628 1262 3684 et
1286 3617 1425 3682 “uxor'’

310 3735 468 3813 Domini;
493 3731 671 3816 “sponsa”
688 3741 873 3814 antequam
891 3729 1119 3811 conjungitur,
1138 3738 1175 3793 et
1195 3732 1310 3790 “uxor
1318 3725 1333 3752 ”
1349 3745 1426 3790 curn

310 3840 494 3923 conjundia
509 3849 562 3904 est
573 3853 695 3914 (nanum
705 3853 842 3900 naman
854 3852 1035 3906 acrama.
1046 3863 1114 3911 μσς,
1125 3849 1270 3910 31053164,
1280 3849 1426 3908 316532177,

310 3949 377 3994 yoea,
390 3936 473 3996 91⁸²)·

371 4039 411 4109 7.
441 4023 543 4108 Quod
576 4025 610 4088 in
639 4023 753 4106 specie
778 4016 977 4084 Doctrinam
1003 4019 1190 4094 concernit,
1221 4038 1307 4101 quae
1337 4037 1426 4081 nunc

311 4136 472 4219 sequitur,
489 4143 543 4198 est
562 4152 696 4216 quoque
714 4130 773 4195 illa
791 4151 836 4194 ex
855 4129 963 4206 caelo,
977 4130 1055 4212 quia
1073 4136 1127 4192 est
1145 4147 1190 4192 ex
1210 4145 1311 4190 sensu
1329 4125 1425 4208 spiri·

311 4243 394 4308 tuali
412 4243 530 4318 Verbi,
549 4251 586 4306 et
604 4261 724 4305 sensus
742 4238 927 4322 spiritualis
942 4238 1048 4302 Verbi
1065 4247 1120 4302 est
1138 4237 1228 4300 idem
1246 4255 1324 4299 cum
1342 4234 1425 4298 doc·

313 4354 401 4416 trina
419 4372 506 4436 quae
528 4359 582 4416 est
604 4351 638 4413 in
661 4348 778 4414 caelo:
813 4349 847 4412 in
870 4345 968 4426 caelo
990 4347 1080 4410 enirn
1098 4365 1205 4428 aeque
1223 4363 1263 4408 ac
1283 4344 1316 4407 in
1336 4352 1427 4406 terra

313 4471 365 4525 est
383 4459 549 4538 ecclesia;
572 4469 626 4523 est
645 4457 734 4522 enim
751 4457 796 4520 ibi
811 4455 975 4531 Verbum,
991 4463 1046 4518 est
1065 4451 1220 4517 doetrina
1235 4473 1281 4516 ex
1297 4449 1425 4526 Verbo,

312 4579 390 4633 sunt
409 4569 454 4632 ibi
472 4567 612 4651 templa,
631 4576 668 4632 et
686 4567 720 4630 in
742 4564 808 4630 illis
831 4562 915 4628 fiunt
938 4561 1222 4646 praedicationes,
1242 4579 1321 4623 nam
1344 4569 1425 4624 sunt
