3322 5298
640 687 691 739 DE
714 687 861 740 SPIRITU
883 685 1041 739 SANCTO.

628 1004 787 1071 CAPUT
817 1003 1049 1070 TERTIUM.

281 1233 394 1320 Qooo
410 1237 583 1303 D1vn1t1n
600 1251 704 1314 ouon
723 1250 900 1302 vocnrun
918 1236 1091 1302 Semnus
1106 1233 1290 1312 Seuerus,
1307 1250 1392 1302 nno·

407 1344 555 1396 canens
577 1347 603 1396 n
623 1331 705 1396 Deo
728 1345 799 1396 nan
824 1331 1027 1396 Hunnnun
1048 1331 1175 1406 lrsms,
1195 1344 1398 1395 Tnnussns

406 1439 477 1490 een
508 1439 663 1491 cnenon
694 1439 919 1490 nucemcun
950 1439 991 1490 1n
1022 1439 1201 1502 nunnoni,
1231 1437 1297 1489 mn
1327 1439 1397 1489 nnn

407 1533 583 1586 nnosnos
606 1535 647 1584 m
671 1534 855 1585 somnes.

348 1720 374 1769 1.
405 1701 507 1788 Quod
527 1705 619 1769 Deus
638 1725 723 1768 unus
741 1705 775 1768 in
799 1703 959 1768 Humano
978 1725 1039 1768 suo
1063 1705 1108 1769 sit
1137 1724 1238 1786 supra
1264 1702 1397 1768 caelum

490 1800 694 1882 angelicum,
714 1820 882 1883 apparens
900 1800 945 1864 ibi
969 1810 1005 1864 ut
1026 1797 1096 1875 Sol,
1117 1821 1137 1863 a
1155 1819 1223 1884 quo
1241 1799 1397 1882 procedit

491 1913 587 1958 amor
605 1905 642 1957 ut
661 1894 764 1970 calor,
782 1903 816 1958 et
836 1895 1004 1976 sapientia
1022 1905 1059 1958 ut
1079 1895 1149 1958 lux.

345 2003 375 2054 2.
406 1985 508 2074 Quod
524 1990 571 2052 sic
591 1985 745 2052 sandtum
763 1987 838 2063 Dei,
856 1989 947 2072 quod
963 1999 1106 2054 vocatur
1124 1987 1268 2072 Spiritus
1288 1986 1393 2053 Sanc*

492 2092 557 2158 tus,
571 2081 688 2146 influat
702 2083 819 2146 ordine
835 2083 869 2146 in
885 2082 1252 2158 caelos—immediate
1268 2083 1302 2147 in
1318 2103 1396 2146 cae-

492 2175 562 2240 lum
585 2195 779 2259 supremum
798 2177 889 2260 quod
907 2187 1050 2240 vocatur
1069 2177 1220 2251 tertium,
1240 2177 1396 2240 immedi-

491 2281 548 2336 ate
566 2281 602 2334 et
622 2291 755 2354 quoque
774 2271 924 2336 mediate
942 2271 976 2335 in
992 2270 1125 2335 caelum
1142 2271 1289 2334 medium
1305 2272 1395 2354 quod

491 2377 634 2430 vocatur
649 2365 847 2441 secundum,
864 2365 1020 2430 similiter
1037 2365 1072 2428 in
1090 2363 1223 2429 caelum
1240 2364 1395 2429 ultimum

494 2461 585 2544 quod
604 2471 747 2524 vocatur
765 2461 919 2544 primum.

344 2571 372 2638 3.
404 2552 505 2638 Quod
535 2577 595 2640 per
620 2556 683 2620 hos
712 2556 825 2620 caelos
854 2555 971 2622 influat
1003 2555 1037 2619 in
1070 2556 1243 2632 mundum,
1273 2563 1309 2620 et
1338 2576 1397 2640 per

490 2649 579 2715 hunc
598 2651 631 2714 in
650 2651 805 2715 homines
824 2650 879 2714 ibi.

341 2763 372 2825 4.
404 2741 506 2826 Quod
525 2754 641 2808 tamen
661 2743 774 2826 angeli
793 2744 879 2808 caeli
895 2764 964 2808 non
980 2745 1048 2809 sint
1067 2743 1210 2827 Spiritus
1227 2741 1381 2809 Sand‘tus.

344 2854 371 2921 5.
403 2837 505 2921 Quod
526 2859 644 2903 omnes
668 2839 764 2914 caeli,
785 2859 851 2903 una
873 2859 950 2903 cum
972 2837 1124 2903 ecclesiis
1147 2841 1180 2928 in
1200 2841 1309 2916 terris,
1329 2841 1396 2905 sint

490 2935 523 2997 in
543 2935 615 2997 visu
635 2933 772 2997 Domini
791 2935 879 2997 sicut
898 2953 982 2997 unus
1000 2932 1126 2997 Homo.

341 3025 372 3092 6.
403 3025 504 3110 Quod
517 3028 610 3092 solus
623 3027 789 3092 Dominus
805 3029 849 3092 sit
861 3027 974 3092 anima
990 3037 1025 3092 et
1042 3028 1113 3092 vita
1124 3027 1213 3092 illius
1227 3027 1395 3104 Hominis,

489 3132 525 3186 et
541 3123 631 3206 quod
648 3141 767 3188 omnes
783 3123 839 3205 qui
855 3123 1048 3185 animantur
1064 3131 1100 3186 et
1116 3123 1236 3187 vivunt
1254 3123 1297 3186 ab
1316 3123 1396 3206 Ipso

488 3217 557 3280 sint
570 3235 692 3299 corpus
711 3215 829 3298 Ipsius.
876 3215 960 3279 Inde
976 3226 1029 3279 est
1048 3215 1139 3300 quod
1158 3215 1291 3280 dicatur
1305 3217 1396 3300 quod

490 3310 608 3376 fideles
626 3311 752 3376 faciant
773 3330 895 3392 corpus
914 3309 1063 3387 Domini,
1083 3320 1119 3375 et
1142 3311 1233 3394 quod
1257 3310 1305 3374 illi
1327 3312 1397 3376 sint

491 3407 525 3470 in
545 3404 636 3488 ipso,
657 3405 789 3488 etsslpse
808 3407 841 3468 in
861 3404 937 3488 illis.

341 3513 371 3583 7.
403 3497 504 3584 Quod
521 3500 688 3564 Dominus
704 3501 736 3563 in
753 3499 896 3582 angelos
912 3499 997 3564 caeli
1013 3509 1048 3564 et
1064 3500 1098 3564 in
1114 3498 1270 3564 homines
1285 3497 1396 3564 eccle·

491 3595 560 3660 siae
580 3593 698 3659 influat
717 3596 750 3658 in
770 3595 916 3678 quadam
936 3593 1155 3658 similitudine
1174 3594 1396 3678 quemadmo-

489 3689 569 3754 dum
588 3690 702 3754 anima
720 3689 754 3752 in
772 3708 894 3772 corpus
913 3687 1002 3772 apud
1021 3688 1206 3752 hominem.
