3282 5294
658 699 714 759 'na
735 704 967 758 ennarrans.
1322 689 1369 776 ἰς

484 873 513 928 t.
538 872 610 930 uuor
624 871 715 926 lorum
732 871 848 926 laternae
867 869 1004 926 voluntaria
1020 871 1058 926 ar'r
1076 869 1210 950 proximus
1226 869 1272 950 qul
1284 885 1374 925 nnun-

582 939 864 1060 ill‘ou'urlrlnlorleillm
884 941 1007 992 oriamur
1025 939 1169 998 voluntate.
1181 951 1232 991 nm
1249 937 1297 991 loe
1317 952 1374 991 eum

485 1090 512 1145 θ.
537 1089 609 1148 Quod
626 1105 713 1145 rerum
730 1089 767 1144 ait
773 1089 921 1168 proximus,
938 1094 1060 1158 quantum
1076 1089 1105 1142 id
1120 1075 1239 1168 mollit
1253 1104 1285 1143 or
1303 1089 1373 1148 luno.

582 1171 615 1210 oe
631 1171 708 1210 uuum
726 1157 790 1209 laert
804 1160 874 1210 sicut
889 1158 972 1210 torma
988 1160 1018 1209 et
1031 1160 1154 1210 mortu.

751 1277 879 1292 ψ

256 1347 275 1401 l.
301 1347 373 1405 Quod
386 1346 461 1399 lonc
477 1361 527 1400 non
543 1345 581 1399 air
595 1345 669 1399 lamo
686 1361 718 1400 ox
730 1348 820 1404 formu,
837 1346 887 1399 eorl
902 1360 934 1400 er
950 1345 1015 1400 toro
1031 1349 1060 1400 et
1077 1359 1137 1399 raro
1147 1344 1376 1414 aporiamur

350 1414 421 1482 quod
434 1413 509 1472 idum.
526 1427 560 1466 or
573 1415 702 1466 voluutnra
718 1417 747 1466 st
760 1411 904 1466 intellectu.

318 1527 419 1612 Quod
441 1527 600 1593 voluntas
622 1539 658 1594 et
688 1525 882 1594 intellectus
903 1529 972 1594 sint
1001 1528 1072 1611 ipse
1102 1528 1216 1604 homo,
1240 1537 1275 1592 et
1306 1547 1374 1592 non

254 1623 370 1698 forma,
382 1643 468 1705 quae
483 1632 624 1705 apparet
639 1624 726 1687 sicut
741 1622 845 1687 homo
859 1622 943 1687 facie
958 1632 994 1687 et
1010 1642 1162 1704 corpore,
1178 1632 1297 1686 notum
1310 1633 1373 1686 est.

255 1715 341 1782 Sunt
356 1717 491 1800 quidam
515 1715 611 1780 stulti
633 1725 669 1781 et
692 1717 810 1793 insani,
826 1726 862 1780 et
884 1726 1050 1798 apparent
1072 1737 1176 1799 usque
1198 1716 1373 1793 homines;

255 1821 333 1875 sunt
348 1811 484 1894 quidam
499 1811 547 1874 ita
562 1809 733 1874 naturales
748 1819 785 1874 ut
801 1811 869 1874 sint
884 1811 971 1875 sicut
986 1810 1154 1886 animalia,
1168 1809 1271 1874 modo
1283 1811 1373 1892 quod

255 1906 386 1987 possint
408 1903 518 1988 loqui;
542 1913 620 1968 sunt
650 1903 704 1968 alii
734 1903 917 1968 rationales
946 1914 982 1968 et
1010 1903 1211 1986 spirituales.
1256 1903 1374 1968 Potest

255 1999 361 2064 forma
375 1999 494 2063 horum
509 1998 656 2062 humana
678 1996 894 2080 impulchrior
909 2017 1081 2080 apparere,
1097 1999 1158 2062 sed
1174 2017 1279 2080 usque
1295 2009 1374 2061 sunt

255 2092 330 2174 plus
345 2093 499 2160 homines
514 2111 614 2174 quam
630 2091 697 2170 illi;
720 2091 811 2154 auser
831 2091 957 2155 bonum
973 2102 1009 2157 et
1025 2111 1140 2156 verum
1162 2093 1206 2156 ab
1228 2091 1304 2168 illis,
1321 2102 1374 2155 est

255 2186 362 2250 forma
375 2185 523 2250 humana
537 2185 571 2248 in
593 2204 658 2267 qua
673 2204 741 2249 non
757 2195 811 2250 est
826 2184 949 2266 h0m03
972 2194 1051 2251 sunt
1066 2186 1153 2250 sicut
1167 2183 1316 2268 picturae
1338 2195 1375 2249 et

256 2278 434 2361 sculptilia,
447 2288 483 2342 et
498 2288 577 2342 sunt
593 2279 679 2342 sicut
695 2279 820 2342 simiae.

313 2372 444 2436 Dicitur
458 2371 583 2436 bonum
599 2381 635 2436 et
650 2391 778 2448 verum,
794 2371 859 2436 hoc
874 2381 929 2437 est
943 2371 1102 2438 voluntas
1117 2381 1153 2437 et
1168 2369 1373 2447 intellectus,

257 2466 334 2550 quia
348 2465 474 2530 bonum
490 2475 544 2530 est
560 2464 746 2530 voluntatis
761 2475 796 2530 et
812 2485 928 2530 verum
944 2475 998 2531 est
1013 2463 1228 2546 intellectum
1253 2465 1374 2530 volun·

257 2569 312 2624 tas
330 2561 419 2623 enim
437 2567 491 2623 est
508 2557 759 2641 receptaculum
777 2559 867 2636 boni,
884 2567 919 2624 et
937 2556 1131 2624 intelleerus
1148 2569 1202 2624 est
1219 2569 1374 2642 recepta·

258 2652 369 2718 culum
385 2653 464 2716 veri.

320 2745 388 2812 Sed
403 2765 508 2829 usque
522 2747 648 2811 bonum
664 2755 700 2810 et
715 2765 831 2810 verum
847 2765 915 2810 non
931 2755 1073 2829 possunt
1088 2767 1163 2811 esse
1179 2747 1242 2810 nisi
1264 2748 1297 2811 in
1312 2768 1374 2812 suo

257 2838 428 2924 subject03
449 2861 517 2904 non
532 2841 678 2923 separari
694 2849 810 2922 potest
825 2839 950 2923 aliquid
965 2861 986 2904 a
1000 2861 1062 2904 suo
1077 2837 1251 2923 subject03
1272 2861 1374 2924 quare

258 2935 361 2999 homo
376 2945 429 3000 est
445 2935 639 3016 proximus;
662 2935 722 2998 sed
738 2935 770 2997 in
787 2933 949 3016 spirituali
964 2933 1040 2999 idea
1054 2933 1180 2998 bonum
1195 2944 1231 2999 et
1247 2954 1373 3010 verum,

258 3049 303 3092 ex
319 3028 437 3111 quibus
451 3027 555 3092 homo
570 3038 622 3092 est
639 3027 751 3093 homo.

257 3207 284 3260 2.
310 3207 381 3264 Ouorl
394 3206 452 3260 ideo
469 3205 560 3261 tonum
577 3211 606 3260 ot
622 3221 710 3261 rorum
726 3207 798 3276 opud
811 3205 936 3260 lominum
949 3156 990 3262 lli
1002 3207 1137 3275 proximu·
1153 3206 1341 3276 guismundus.

322 3323 412 3388 Pone
428 3333 498 3388 tres
513 3332 571 3387 aut
587 3322 706 3388 decem
721 3333 801 3390 ante
817 3323 933 3388 oculos
952 3344 1037 3407 quos
1048 3323 1155 3406 eligas
1170 3324 1213 3388 ad
1229 3323 1375 3406 aliquam

259 3435 329 3481 rem
345 3417 578 3492 domesticam,
595 3437 675 3481 num
690 3417 786 3500 eligis
801 3416 900 3482 aliter
921 3435 1022 3501 quam
1043 3418 1228 3482 secundum
1250 3418 1375 3482 bonum

259 3521 295 3576 et
310 3530 426 3575 verum
441 3511 529 3592 apud
545 3510 640 3590 illos;
664 3511 741 3575 inde
757 3511 861 3576 homo
875 3521 929 3576 est
944 3511 1056 3576 homo.

322 3601 357 3668 Si
377 3605 420 3668 ad
442 3603 641 3668 famulitium
657 3605 754 3688 eligis
776 3607 864 3668 inter
879 3605 997 3669 decem
1020 3603 1176 3688 aliquem,
1192 3625 1305 3670 annon
1329 3608 1378 3669 in·

260 3699 360 3782 quiris
375 3697 589 3768 voluntatem
604 3704 639 3762 et
655 3695 867 3762 intellectum
882 3697 962 3780 ejus.

323 3789 389 3874 Qui
402 3792 538 3874 eligitur
549 3802 603 3856 est
619 3792 679 3856 tibi
692 3793 866 3874 proximus
878 3793 933 3874 qui
945 3801 1088 3857 amatur.
1133 3791 1249 3856 Homo
1261 3791 1378 3857 diabo-

260 3884 313 3948 lus
325 3895 441 3967 potest
453 3885 571 3948 similis
586 3885 669 3949 iacie
682 3905 844 3968 apparere
860 3887 946 3950 sicut
961 3885 1065 3950 homo
1077 3885 1240 3968 angelus3
1263 3905 1376 3951 annon

261 3977 364 4042 homo
379 3979 521 4060 angelus
536 3980 711 4058 amandus,
726 3989 762 4044 et
785 3999 854 4043 non
870 3979 973 4043 homo
993 3977 1157 4043 diabolus.
1202 3979 1377 4044 Beneiacis

261 4073 390 4136 homini
412 4073 538 4156 angelo
561 4083 701 4155 propter
723 4074 849 4138 bonum
871 4083 908 4138 et
930 4092 1045 4136 verum
1068 4072 1158 4154 apud
1180 4071 1285 4151 illum,
1308 4093 1377 4137 non

262 4175 375 4230 autem
391 4165 518 4230 homini
534 4166 670 4230 diabolo
685 4187 692 4245 ;
715 4167 863 4231 charitas
878 4175 941 4244 est,
957 4176 994 4230 ut
1009 4165 1062 4230 hic
1079 4167 1237 4248 puniatur
1259 4167 1286 4230 si
1302 4187 1375 4232 ma·

262 4259 331 4324 lum
346 4259 436 4338 iacit,
451 4270 487 4324 et
502 4260 606 4324 homo
621 4259 763 4342 angelus
778 4269 1020 4324 remuneretur.

325 4352 360 4418 Si
371 4350 505 4436 spectas
515 4355 634 4418 decem
644 4355 791 4436 virgines
801 4363 838 4418 ut
849 4353 957 4436 eligas
969 4373 1069 4418 unam
1082 4353 1115 4417 in
1128 4372 1279 4432 uxorem,
1290 4355 1378 4418 inter

263 4467 344 4530 quas
359 4449 506 4530 quinque
518 4449 723 4523 meretrices,
735 4449 881 4531 quinque
893 4457 1020 4524 castae,
1033 4467 1147 4510 nonne
1162 4446 1259 4528 eligis
1275 4465 1376 4511 unam

263 4562 308 4605 ex
323 4542 436 4620 castis,
452 4541 636 4606 secundum
652 4541 721 4624 ejus
744 4543 880 4622 bonum,
896 4541 1078 4626 quodcum
1102 4549 1161 4606 tuo
1183 4539 1274 4605 bono
1296 4559 1378 4605 con·

263 4635 392 4702 cordat.
