3338 5300
261 671 302 750 48
734 679 908 732 cortours.

260 852 383 915 amoris
402 871 480 915 vere
498 849 697 932 conjugialis
720 870 789 914 non
813 848 947 913 aliunde
970 858 1023 913 est
1042 866 1142 930 quam
1161 867 1206 910 ex
1224 843 1381 926 conjugio

261 946 399 1009 Domini
416 957 451 1009 et
471 945 657 1020 Ecclesiae,
674 945 721 1008 ita
740 965 784 1008 ex
801 964 916 1007 amore
935 942 1071 1006 Domini
1087 961 1170 1023 erga
1187 939 1378 1003 Ecclesiam

260 1051 295 1104 et
315 1039 490 1103 Ecclesiae
513 1041 547 1102 in
572 1039 753 1102 Dominum
775 1038 879 1120 (quod
902 1039 936 1100 in
958 1036 1018 1100 illo
1036 1034 1208 1117 opusculo,
1227 1054 1247 1096 a
1266 1053 1297 1095 n.
1321 1031 1379 1093 116

258 1135 301 1197 ad
328 1151 397 1214 131,
417 1143 591 1196 ostensum
614 1133 742 1216 est),et
761 1134 838 1216 quia
860 1134 893 1195 in
917 1141 1058 1214 utroque
1082 1130 1146 1192 hoc
1169 1147 1284 1192 amore
1305 1126 1378 1189 t'ue-

261 1240 339 1293 runt
363 1227 587 1311 antiquissimi
623 1228 781 1310 quamdiu
804 1229 1016 1290 retinuerunt
1043 1227 1225 1307 imaginem
1251 1225 1317 1288 Dei
1343 1226 1377 1287 in

261 1345 307 1398 se,
332 1323 409 1386 ideo
435 1344 480 1386 ex
507 1321 566 1384 illo
593 1321 756 1404 opusculo
783 1341 920 1404 possum
947 1321 1172 1383 transcribere
1201 1319 1378 1401 sequentia

261 1419 345 1480 haec
373 1417 415 1479 de
442 1415 501 1478 illo
528 1415 634 1490 caelo,
659 1415 702 1477 ad
729 1415 819 1498 quod
847 1425 927 1478 tunc
956 1415 1035 1477 mihi
1062 1415 1173 1476 aditus
1196 1433 1378 1476 concessus

261 1521 326 1586 est,
346 1531 431 1594 quae
451 1519 530 1572 sunt
551 1507 666 1592 [haec]
679 1529 732 1570 :—

320 1663 389 1732 3⁷·
417 1657 610 1730 “Quondam
621 1673 689 1711 cum
703 1657 865 1710 meditatus
874 1672 940 1710 sum
951 1657 989 1712 de
999 1657 1112 1710 Amore
1122 1654 1301 1726 Coniugiali
1310 1671 1378 1726 cap-

262 1731 338 1785 tavit
352 1739 482 1784 mentem
496 1728 675 1782 desiderium
689 1727 801 1781 sciendi
815 1727 911 1796 qualis
930 1727 978 1780 ille
997 1743 1083 1782 amor
1100 1726 1196 1782 luerat
1213 1727 1293 1796 apud
1313 1727 1379 1781 illos

261 1801 313 1870 qui
327 1801 357 1852 in
371 1799 497 1854 Saeculo
511 1799 612 1852 Aureo
619 1799 773 1860 vixerunt;
792 1807 823 1850 et
833 1807 937 1866 postea
967 1797 1042 1851 ualis
1054 1797 1082 1850 in
1093 1797 1294 1867 sequentibus.
1303 1813 1379 1867 quae

262 1887 299 1926 ex
311 1872 456 1941 Argento.
470 1869 579 1938 Cupro‚
593 1879 624 1922 et
645 1867 736 1921 Ferro
748 1879 901 1921 vocantur.
940 1813 978 1920 gt
996 1868 1067 1938 quia
1086 1867 1155 1922 novi
1172 1867 1256 1992 guod
1274 1883 1380 1922 omnes

263 1941 314 2024 qui
327 1941 357 1995 in
368 1941 426 1994 illis
435 1939 561 1995 saeculis
570 1941 646 1994 bene
656 1939 801 1999 vixerunt,
813 1939 842 1991 in
853 1939 942 1992 caelis
951 1939 1018 2000 sint,
1028 1939 1110 1992 oravi
1120 1938 1157 1992 ad
1201 1939 1334 1992 ominum
1345 1948 1380 1992 ut

262 2012 365 2067 liceret
375 2011 448 2065 mibi
458 2027 527 2066 cum
539 2010 597 2064 illis
609 2009 692 2092 loqui
706 2019 737 2062 et
750 2009 864 2062 instrui.

316 2089 331 2111 ‘¹
341 2081 379 2136 Et
397 2097 466 2136 ecce
484 2080 600 2135 adstitit
620 2079 692 2133 mihi
706 2079 829 2149 angelus
842 2088 873 2132 et
891 2079 974 2140 dixit,
989 2077 1112 2133 'Missus
1130 2095 1196 2132 sum
1215 2094 1234 2132 a
1248 2077 1380 2133 Domino

263 2163 296 2207 ut
309 2153 364 2207 sim
376 2149 483 2205 ductor
494 2161 525 2206 et
537 2165 647 2205 comes.
686 2149 724 2203 Et
737 2149 865 2218 primum
878 2159 908 2203 te
921 2149 1028 2203 ducam
1041 2161 1072 2203 et
1084 2149 1250 2204 comitabor
1261 2150 1300 2204 ad
1314 2149 1381 2204 illos

262 2223 314 2294 qui
336 2223 476 2276 vixerunt
498 2221 594 2290 primo
616 2221 702 2275 Aevo
723 2237 776 2275 seu
799 2218 933 2282 Saeculo,
955 2220 1036 2289 quod
1058 2231 1183 2274 vocatur
1201 2219 1380 2274 Aureum.''’

316 2291 486 2362 (Saeculum
501 2293 634 2346 Aureum
649 2293 728 2347 idern
741 2303 788 2348 est
800 2309 868 2346 curn
883 2291 1008 2347 Saeculo
1022 2289 1257 2360 Antiquissimae
1278 2287 1380 2343 Eccle⁴

261 2363 332 2425 siae,
345 2363 427 2433 quod
448 2361 624 2433 intelligitur
639 2379 692 2433 per
705 2361 825 2433 “Caput
843 2379 880 2416 ex
898 2378 971 2416 auro
990 2360 1093 2415 bono''
1106 2375 1195 2430 super
1206 2369 1306 2414 statua
1317 2359 1382 2413 visa

263 2431 526 2488 Nebuchadnezari
541 2433 569 2486 in
584 2433 709 2494 somnio,
723 2433 802 2486 Dan.
816 2432 844 2486 ii.
859 2447 901 2500 32,
914 2433 1026 2502 dequo
1039 2431 1141 2501 prius)

315 2510 331 2534 ‘⁴
338 2503 474 2575 Angelus
487 2503 571 2566 dixit,
583 2511 589 2532 ⁶
599 2503 651 2558 Est
669 2503 707 2558 ad
727 2504 793 2558 illos
806 2502 855 2558 via
866 2503 974 2564 ardua;
992 2512 1039 2556 est
1058 2517 1110 2572 per
1122 2501 1227 2556 silvam
1246 2514 1379 2570 opacam.

262 2593 351 2648 quam
366 2591 455 2630 nemo
469 2585 568 2645 potest
581 2575 714 2635 transire,
728 2573 784 2628 nisi
797 2575 873 2628 duce
886 2575 958 2628 dato
971 2590 989 2628 a
1003 2573 1152 2628 Domino.'
1381 2565 1385 2578 ’

316 2645 427 2700 “Eram
447 2645 477 2698 in
497 2645 611 2716 spiritu,
625 2655 655 2699 et
668 2645 780 2698 accinxi
801 2644 940 2707 meviae:
965 2647 996 2699 et
1013 2644 1215 2698 convertimus
1234 2643 1324 2698 iacies
1342 2644 1379 2698 ad

262 2717 424 2779 orientem:
445 2725 477 2770 et
494 2716 523 2769 in
538 2731 590 2785 per
610 2716 690 2769 endo
702 2715 763 2768 vidi
777 2726 910 2768 montem
924 2715 1009 2784 cujus
1021 2714 1150 2768 altitudo
1170 2715 1291 2786 pertigit
1304 2715 1382 2770 ultra

263 2788 415 2859 regionem
430 2786 563 2840 nubium.
628 2785 805 2840 ransivimus
818 2785 969 2840 desertum
984 2801 1133 2855 magnum.
1147 2795 1178 2839 et
1191 2785 1380 2854 pervenimus

263 2859 293 2912 in
313 2859 418 2912 silvam
437 2873 474 2910 ex
493 2857 581 2910 variis
600 2857 739 2910 arborum
758 2857 917 2926 generibus
935 2854 1108 2916 confertam.
1127 2865 1214 2910 etex
1232 2855 1380 2910 densitate

264 2929 379 2982 illarum
390 2943 523 2998 opacam,
534 2928 571 2980 de
582 2941 641 2996 qua
650 2925 773 2996 angelus
785 2925 939 2996 praedixit.
965 2924 1024 2980 Sed
1035 2936 1099 2979 erat
1108 2925 1184 2980 silva
1194 2925 1245 2980 illa
1254 2923 1336 2980 setta
1348 2926 1379 2979 in

263 3000 362 3070 plures
375 2998 510 3052 tramites
527 3007 686 3066 angustos;
717 3007 747 3050 et
766 2997 842 3050 dixit
854 2995 979 3067 angelus
991 2996 1072 3065 quod
1092 2995 1227 3050 totidem·
1238 2997 1379 3066 ambages

263 3085 398 3124 errorum
411 3068 480 3132 sint,
493 3077 524 3122 et
542 3067 623 3138 quod
638 3067 695 3120 nisi
708 3067 879 3136 aperiantur
891 3067 969 3120 oculi
988 3083 1007 3120 a
1027 3065 1165 3128 Domino,
1178 3076 1209 3119 et
1223 3067 1380 3121 videantur

262 3139 347 3194 oleae
360 3137 526 3210 pampineis
544 3138 655 3192 vitibus
674 3135 910 3196 circumcinctae.
923 3153 958 3191 ac
977 3135 1109 3190 letantur
1121 3151 1239 3218 gressus
1257 3138 1295 3190 ab
1313 3138 1380 3192 olea

262 3209 300 3264 ad
323 3209 428 3270 oleam.
451 3209 584 3262 abiturus
609 3208 649 3262 sit
673 3207 771 3262 viator
796 3205 826 3260 in
848 3205 971 3262 Tartara
993 3207 1081 3276 [quae
1105 3221 1215 3260 crrcurn
1241 3207 1320 3262 circa
1340 3207 1378 3262 ad

263 3280 357 3334 latera
365 3277 480 3348 suntl¹¹].
520 3277 602 3332 Haec
612 3278 687 3332 silva
699 3277 767 3331 talis
777 3288 824 3330 est
837 3288 958 3346 propter
971 3277 1058 3330 linem
1074 3287 1106 3331 ut
1119 3277 1305 3332 custodiatur
1316 3277 1379 3332 adi·

262 3361 327 3412 tuat
345 3366 406 3404 non
420 3349 499 3404 enim
513 3348 571 3402 alia
583 3365 655 3418 gens
669 3364 758 3418 quarn
773 3347 923 3417 primaeva
935 3363 1024 3416 super
1037 3357 1140 3402 monte
1153 3347 1204 3401 illo
1218 3347 1339 3402 habitat

316 3419 504 3489 “Postquam
519 3419 694 3473 intravimus
706 3418 810 3472 silvam
829 3418 924 3488 aperti
942 3429 1012 3472 sunt
1030 3417 1117 3479 oculi,
1130 3433 1165 3472 ac
1183 3418 1313 3474 vidimus
1331 3418 1379 3474 bic

262 3501 294 3547 et
312 3491 352 3546 ibi
371 3489 453 3545 oleas
465 3489 684 3559 circumligatas
694 3489 842 3549 vitibus‚e
861 3488 969 3558 quibus
983 3489 1154 3558 pendebant
1172 3489 1250 3543 botri
1268 3489 1378 3544 coloris

262 3561 381 3634 cyanei;
402 3576 437 3615 ac
455 3561 538 3614 oleae
551 3571 635 3614 erant
655 3559 684 3612 in
698 3569 858 3630 perpetuos
871 3559 957 3613 orbes
969 3559 1149 3628 dispositae;
1170 3575 1262 3630 quare
1275 3575 1378 3614 secun-

263 3633 335 3686 dum
357 3628 548 3700 conspedlum
573 3630 689 3683 illarum
711 3629 900 3682 circuivimus
925 3639 955 3682 et
980 3627 1178 3690 circuivimus,
1201 3639 1231 3683 et
1256 3631 1376 3684 tandem

262 3703 392 3757 vidimus
405 3701 504 3755 lucum
518 3717 555 3754 ex
567 3699 636 3754 altis
648 3699 752 3760 cedris,
763 3708 793 3753 et
806 3714 895 3768 super
905 3699 1021 3752 illarum
1032 3699 1122 3753 ramis
1131 3700 1245 3768 aliquas
1255 3701 1376 3770 aquilas.

263 3772 380 3856 Quibus
398 3771 470 3862 Yi⁸i?
489 3770 564 3826 dixit
583 3771 714 3842 angelus,
729 3768 832 3824 ‘Nunc
850 3769 880 3822 in
900 3780 1003 3824 monte
1021 3785 1132 3832 sumus,
1152 3785 1212 3824 non
1235 3769 1338 3840 procul
1359 3785 1378 3826 a

262 3853 584 3982 verhlbeteddiieximus,
595 3921 626 3965 et
638 3925 707 3964 ecce
721 3919 789 3980 post
801 3909 901 3963 lucum
912 3925 1035 3979 campus
1046 3909 1201 3972 rotundus,
1211 3909 1262 3964 ubi
1277 3925 1377 3980 pasce·

263 3985 336 4038 bant
348 3982 417 4054 agni
430 3991 461 4037 et
473 3997 575 4052 agnae.
586 3997 662 4050 quae
676 3991 760 4035 erant
774 3979 887 4034 formae
901 3981 1169 4048 repraesentativae
1182 3991 1279 4036 status
1292 3983 1376 4036 inno·

263 4054 379 4110 centias
401 4062 432 4108 et
454 4051 534 4122 pacis
557 4061 776 4106 montanorum.
815 4049 1090 4120 Hunccampum1¹¹
1112 4051 1320 4114 transivimust
1347 4062 1377 4106 et

263 4141 333 4180 ecce
347 4123 409 4178 visa
418 4133 487 4178 sunt
497 4121 687 4176 tabernacula
696 4131 726 4176 et
739 4121 937 4182 tabernacula,
951 4121 988 4174 ad
1000 4121 1085 4191 plura
1097 4121 1190 4176 millia
1199 4133 1376 4184 antrorsum.

263 4207 295 4250 et
308 4195 345 4249 ad
359 4196 452 4248 latera
465 4193 494 4246 in
507 4208 627 4246 omnem
640 4191 845 4246 extensionem
858 4191 947 4244 visus.

317 4265 382 4318 “Et
399 4264 475 4317 dixit
493 4263 624 4332 angelus,
643 4261 746 4316 ‘Nunc
764 4277 867 4316 sumus
888 4262 918 4314 in
940 4261 1045 4316 castris
1066 4261 1116 4314 ubi
1140 4259 1294 4316 Exercitus
1316 4261 1377 4317 Do·

265 4335 337 4390 mini
355 4333 501 4407 Jebovih;
524 4333 565 4388 ita
583 4349 615 4388 se
636 4343 668 4386 et
689 4331 890 4386 habitationes
909 4349 976 4386 suas
996 4330 1130 4390 vocantis
1168 4331 1376 4402 Antiquissimi

265 4407 305 4468 hi,
325 4407 397 4460 dum
420 4403 449 4458 in
473 4405 585 4458 mundo
610 4402 738 4464 luerunt,
759 4402 970 4456 habitaverunt
992 4401 1023 4456 in
1044 4403 1258 4466 tabernaculis;
1286 4418 1377 4474 quare

264 4477 355 4532 etiarn
370 4473 492 4528 nuncin
507 4473 564 4530 illis
577 4471 730 4528 habitant!

318 4545 400 4601 “Sed
413 4544 484 4606 dixi.
495 4552 502 4574 ⁴
512 4542 680 4598 Fletiamus
689 4545 767 4598 viam
776 4543 813 4596 ad
824 4543 987 4604 meridiem.
998 4543 1048 4598 ubi
1058 4553 1128 4598 sunt
1138 4541 1333 4613 sapientiores
1343 4541 1377 4598 il·

264 4618 371 4678 lorum,
384 4627 419 4670 ut
430 4613 644 4671 conveniamus
656 4615 784 4686 aliquem
798 4629 866 4668 cum
880 4629 942 4685 quo
954 4613 1102 4670 sociemus
1114 4613 1301 4670 sermonem·
