3322 5298
783 668 958 723 CORONIS.

709 1176 852 1228 anum
870 1177 1035 1229 PRIMUM

314 1364 489 1472 [QUOD
508 1366 778 1464 QUATUOR
796 1367 1088 1444 ECCLESIAE
1107 1369 1162 1443 IN
1183 1369 1296 1445 HAC
1312 1370 1425 1444 TEL-

462 1482 675 1701 Ιὲἕῐῐῖᾃΐ
706 1481 799 1557 DIE
828 1481 1155 1558 CREATIONIS
1187 1483 1310 1583 EJUS
1342 1485 1430 1561 FU·

371 1926 410 1978 a·
438 1912 484 1984 (ί.)
507 1913 594 1983 tuor
605 1919 738 1994 quotuor·
750 1913 911 1978 leotasius
924 1913 955 1977 ιἰι
968 1913 1030 1978 hue
1044 1914 1155 1978 tellure
1170 1933 1190 1976 ιι
1203 1913 1251 1977 dis
1266 1913 1432 1978 aaaron

311 2001 380 2084 ejus
400 2001 534 2066 fuerim:
564 2003 676 2085 primu,
697 2022 778 2086 quus
801 2004 937 2067 vocando
958 2004 1193 2078 andronicus
1219 2005 1333 2076 ultera
1354 2022 1432 2086 quus

311 2091 486 2166 locotioor
507 2092 611 2165 tertis,
623 2112 703 2176 quus
716 2092 912 2168 lemelitieur
932 2099 967 2157 et
978 2101 1102 2176 quartu,
1114 2113 1194 2176 quus
1208 2093 1432 2158 christiano.-

312 2181 414 2266 Quod
429 2193 574 2268 quatuor
589 2183 767 2250 Ecclesiae
785 2205 831 2249 ex
849 2187 1023 2249 creatione
1041 2186 1158 2249 mundi
1175 2187 1209 2250 in
1227 2185 1291 2249 hac
1311 2185 1431 2250 tellure

311 2279 519 2352 exstiterint,
540 2278 719 2343 manifeste
738 2289 878 2344 constat
900 2280 990 2362 apud
1008 2279 1202 2354 Danielem
1225 2280 1369 2362 primurn
1387 2299 1431 2344 ex

311 2381 427 2436 statua
450 2371 752 2436 Nebuchadnezari
775 2373 808 2436 in
831 2374 964 2436 somnio
982 2373 1063 2448 visa,
1084 2383 1120 2437 et
1143 2383 1264 2456 postea
1286 2393 1332 2436 ex
1350 2393 1431 2455 qua·

311 2477 389 2530 tuor
407 2465 525 2530 bestiis
543 2486 589 2530 ex
607 2467 691 2530 mari
711 2467 976 2549 assurgentibus.
1021 2467 1074 2531 De
1092 2477 1207 2531 statua
1226 2465 1430 2530 Nebucbad·

312 2561 442 2626 nezaris
459 2560 544 2624 haec
564 2559 741 2642 leguntur:

361 2704 435 2757 Dixit
452 2703 557 2764 Daniel,
573 2705 648 2762 “Tu,
664 2704 731 2762 Rex,
745 2705 841 2755 uidens
857 2706 939 2765 fuisti,
953 2715 981 2755 et
997 2721 1058 2755 ecce
1072 2715 1161 2756 statua
1178 2721 1233 2756 una
1243 2720 1370 2769 magna.
1385 2741 1429 2758 ...

441 2780 469 2820 et
480 2771 583 2832 species
595 2769 654 2833 ejus
665 2771 807 2830 excellens.
822 2781 898 2822 stans
915 2787 931 2821 e
948 2773 1058 2834 regione
1070 2772 1117 2830 tui,
1133 2781 1160 2821 et
1171 2769 1296 2835 aspecius
1308 2771 1368 2834 ejus
1379 2771 1432 2821 ior·

441 2836 582 2886 midabilis.
620 2835 710 2899 Hujus
727 2845 831 2886 statuae
845 2846 925 2900 eaput
941 2847 999 2887 erat
1016 2853 1050 2887 ex
1066 2852 1132 2886 auro
1149 2839 1238 2896 bono,
1262 2833 1356 2900 petius
1373 2837 1431 2900 ejus

441 2911 469 2951 et
480 2901 595 2960 brachia,
607 2915 641 2949 ex
652 2911 780 2964 argento:
798 2912 892 2952 venter
904 2901 963 2966 ejus
975 2913 1002 2952 et
1013 2903 1120 2952 femora
1131 2903 1198 2965 ejus,
1213 2917 1246 2952 ex
1258 2915 1319 2952 aere
1331 2915 1337 2960 ;
1355 2917 1431 2951 crura

441 2965 501 3030 ejus
512 2983 546 3018 ex
558 2967 645 3026 ierro;
663 2967 745 3030 pedes
757 2966 816 3030 ejus
827 2969 862 3018 ad
879 2977 983 3031 partem
995 2983 1028 3017 ex
1048 2968 1127 3026 ierro,
1141 2977 1168 3018 et
1180 2969 1213 3018 ad
1231 2977 1333 3031 partem
1346 2982 1380 3016 ex
1391 2981 1431 3018 sr-

411 3089 415 3104 .
440 3033 514 3096 gilla
549 3031 651 3082 Videns
668 3033 741 3082 iuisti
758 3033 822 3082 dum
840 3034 945 3084 excisus
963 3043 1004 3084 est
1017 3033 1106 3096 lapis,
1121 3033 1166 3097 qui
1184 3048 1238 3082 non
1259 3047 1308 3095 per
1325 3047 1428 3088 manus,

442 3107 470 3148 et
490 3097 619 3160 percussit
636 3107 752 3147 statuam
771 3113 851 3161 super
869 3099 951 3162 pedes
968 3099 1035 3161 ejus,
1055 3099 1100 3162 qui
1120 3099 1219 3148 terrum
1240 3109 1267 3148 et
1283 3099 1386 3160 argilla,
1405 3108 1431 3147 et

442 3163 567 3213 contrivit
587 3159 672 3215 illosi¹l
706 3161 782 3213 Tunc
802 3165 918 3214 contrite
937 3173 1000 3214 sunt
1019 3163 1100 3214 simul
1121 3163 1230 3222 ierrurn,
1250 3164 1354 3225 argilla,
1374 3177 1428 3218 aes,

440 3237 581 3290 argentum
593 3237 621 3277 et
632 3243 742 3288 aurum:
761 3226 883 3294 iactaque
892 3239 955 3279 sunt
966 3229 1035 3280 sicut
1047 3230 1124 3292 palea
1135 3243 1169 3279 ex
1180 3229 1251 3278 areis
1262 3228 1382 3286 aestatis,
1394 3229 1431 3276 ita

442 3303 471 3343 ut
482 3293 621 3344 abstulerit
639 3295 685 3344 illa
697 3304 802 3354 ventus,
816 3304 843 3345 et
859 3295 929 3344 ullus
946 3295 1020 3344 locus
1032 3309 1087 3344 non
1106 3295 1231 3344 inventus
1243 3305 1285 3344 est
1302 3293 1370 3343 iilis:
1384 3290 1432 3342 La-

442 3359 483 3424 pis
494 3368 584 3408 autem
597 3360 641 3422 qui
659 3361 788 3423 percussit
800 3369 924 3418 statuam,
939 3357 1026 3410 iactus
1038 3369 1079 3410 est
1094 3361 1121 3409 in
1136 3359 1242 3410 Petram
1255 3373 1392 3422 magnam,
1405 3368 1431 3407 et

442 3425 564 3487 implevit
581 3433 665 3474 totam
683 3435 791 3475 terram.
828 3462 893 3476 ....
931 3425 961 3474 ln
974 3426 1068 3475 diebus
1086 3425 1128 3475 his
1140 3439 1250 3488 surgere
1262 3423 1341 3473 isciet
1356 3423 1429 3473 Deus

442 3491 577 3540 caelorum
595 3505 716 3552 regnum,
731 3491 802 3554 quod
819 3491 846 3539 in
865 3491 972 3540 saecula
989 3505 1043 3539 non
1062 3491 1194 3554 perdetur,
1208 3499 1235 3539 et
1247 3503 1359 3553 regnum
1371 3489 1431 3552 ejus

441 3551 567 3618 poputoffl
585 3555 630 3605 alii
649 3571 704 3604 non
725 3557 908 3618 permittetur:
933 3564 1053 3605 conteret
1070 3565 1097 3605 et
1115 3565 1256 3606 consumet
1273 3554 1367 3604 omnia
1389 3555 1431 3604 illa

443 3635 534 3683 regna,
549 3621 613 3670 illud
624 3631 714 3671 autem
726 3621 807 3671 stabit
818 3621 845 3670 in
858 3620 986 3670 saeculs''
997 3621 1080 3683 (Dan.
1092 3621 1119 3672 ii.
1131 3633 1221 3682 31-35,
1234 3616 1312 3682 μω).

312 3757 413 3842 Quod
439 3759 504 3823 hoc
528 3759 696 3823 somnium
720 3779 788 3822 non
811 3756 1051 3840 significaverit
1074 3769 1219 3842 quatuor
1240 3779 1348 3842 regna
1369 3777 1429 3842 po·

311 3853 405 3918 litica
431 3854 465 3916 in
490 3853 554 3916 hac
582 3852 715 3928 tellure,
741 3853 801 3917 sed
828 3853 918 3936 quod
945 3861 1090 3936 quatuor
1115 3852 1301 3929 Ecclesias,
1328 3870 1429 3916 unam

311 3948 411 4012 alteri
429 3967 671 4022 successuram,
690 3957 829 4012 constat
845 3968 890 4011 cx
906 3947 1125 4030 sequentibus
1144 3947 1216 4011 his:
1242 3945 1303 4031 (1.)
1328 3943 1428 4029 Quod

312 4043 395 4108 talia
410 4063 527 4124 regna,
544 4062 646 4106 unum
663 4053 741 4126 post
757 4041 913 4118 alterurn,
930 4043 964 4107 in
983 4042 1046 4105 hac
1063 4041 1185 4106 tellure
1201 4062 1269 4106 non
1285 4043 1429 4106 exstite-

311 4139 389 4202 rint.
436 4135 496 4219 (2.)
522 4133 623 4217 Quod
643 4135 803 4200 Divinum
819 4135 972 4200 Verbum
988 4137 1021 4200 in
1038 4155 1099 4199 suo
1115 4135 1189 4200 sinu
1205 4156 1273 4199 non
1289 4145 1372 4218 agat
1388 4136 1429 4198 de

237 4253 239 4260 ’
310 4232 425 4314 regnis
444 4231 570 4306 mundi,
590 4231 650 4294 scd
669 4230 711 4294 de
730 4229 906 4306 Ecclesiis,
926 4251 1013 4314 quae
1035 4229 1069 4292 in
1088 4231 1185 4294 terris
1207 4229 1334 4294 iaciunt
1353 4245 1428 4310 reg·

311 4346 392 4390 num
419 4325 493 4389 Dei.
540 4322 600 4407 (3.)
635 4323 724 4388 Tum
750 4325 841 4409 quod
868 4325 1000 4388 dicatur
1022 4324 1112 4408 quod
1140 4323 1232 4387 Deus
1259 4323 1427 4386 caelorum

310 4439 448 4502 surgere
466 4415 611 4482 facturus
630 4420 674 4483 sit
693 4439 835 4502 regnum
854 4420 944 4503 quod
963 4419 997 4482 in
1017 4417 1154 4482 saecula
1172 4437 1240 4481 non
1259 4417 1425 4502 perdetur,

310 4524 346 4578 et
365 4513 456 4597 quod
479 4513 564 4596 lapis
583 4532 651 4577 non
674 4534 734 4596 per
752 4533 872 4576 manus
894 4514 1029 4577 excisus
1051 4509 1159 4576 sactus
1176 4513 1221 4576 sit
1243 4513 1277 4576 in
1298 4523 1426 4594 petram

311 4625 472 4690 magnam
488 4626 574 4690 quae
590 4607 743 4690 implevit
759 4616 870 4671 totam
887 4615 1022 4671 terram.
1069 4605 1130 4690 (4.)
1154 4605 1202 4671 Et
1218 4607 1295 4690 quia
1310 4605 1427 4670 Domi·
