3322 5298
681 696 732 748 DE
755 695 902 747 SPIRITU
924 693 1081 746 SANCTO.

671 1079 830 1146 cneus
860 1080 1062 1146 effluunt.
1158 1167 1161 1180 Ι

325 1313 439 1396 Quoo
462 1314 635 1380 Semnus
654 1314 827 1380 Sanctus
849 1330 908 1381 sn
931 1317 1103 1381 D1v1nuu
1126 1329 1231 1393 ouon
1254 1329 1443 1381 moenum
1537 1341 1542 1350 ·

452 1425 478 1474 Α
508 1410 592 1474 Duo
622 1423 711 1482 uno,
743 1423 929 1485 mammo,
955 1423 1442 1486 ouu1eosensn,oun1sci·

452 1517 563 1578 suns,
581 1517 627 1569 ns
651 1517 984 1580 ounmnnnssnun,
1005 1518 1075 1568 naa
1098 1504 1302 1569 Huunnuu
1325 1504 1444 1570 Iesws

452 1611 493 1660 ut
517 1596 662 1662 Munno
686 1611 921 1662 nssuue‘ruu.

392 1813 419 1861 1.
450 1795 552 1879 Quod
576 1796 720 1880 Spiritus
744 1795 890 1861 Sanctus
913 1817 982 1860 non
1009 1817 1069 1880 per
1092 1796 1136 1861 Se
1162 1817 1222 1861 seu
1245 1795 1442 1878 singulatim

537 1893 581 1954 sit
605 1891 709 1966 Deus,
730 1910 792 1954 nec
811 1891 902 1973 quod
922 1893 1086 1974 procedat
1109 1913 1129 1954 a
1152 1892 1228 1956 Deo
1244 1913 1303 1974 per
1320 1891 1443 1955 Filium

536 1996 574 2048 ut
605 1985 753 2048 Persona
786 2006 806 2048 a
837 1985 1003 2060 Personis,
1035 1985 1220 2050 secundum
1251 1982 1441 2049 doftrinam

537 2079 704 2143 ecclesiae
723 2080 917 2142 hodiernae.

389 2189 419 2238 2.
450 2171 552 2255 Quod
576 2174 641 2237 hoc
665 2194 801 2256 prorsus
824 2194 893 2236 non
916 2173 1070 2257 quadret,
1090 2175 1167 2257 quia
1190 2172 1348 2237 delinitur
1366 2193 1443 2256 per·

537 2287 622 2331 sona
640 2268 730 2350 quod
750 2269 794 2330 sit
814 2287 882 2331 non
901 2288 979 2351 pars
1000 2277 1035 2332 et
1058 2269 1205 2351 qualitas
1228 2269 1261 2330 in
1281 2267 1359 2344 alio,
1383 2268 1443 2332 sed

336 2426 340 2434 ,
535 2363 625 2445 quod
650 2364 782 2445 proprie
801 2363 966 2426 subsistit.

391 2473 419 2538 3.
448 2455 537 2520 Tum
563 2455 727 2539 [dicitur,]
748 2457 839 2539 quod
862 2457 1002 2520 tametsi
1025 2457 1215 2538 proprietas
1238 2466 1273 2520 et
1297 2456 1444 2540 qualitas

537 2552 633 2614 unius
660 2551 703 2614 ab
722 2551 861 2614 alterius
882 2551 950 2614 sint
975 2560 1165 2634 separatae,
1186 2571 1289 2634 usque
1313 2551 1358 2614 ab
1378 2571 1444 2615 una

537 2655 572 2708 et
589 2645 761 2707 individua
776 2646 926 2708 essentia
941 2645 1019 2708 sint.

388 2755 419 2820 4
451 2737 552 2821 Quod
569 2739 647 2802 inde
663 2739 906 2802 inevitabiliter
921 2739 1065 2803 resultat
1082 2759 1150 2803 non
1167 2739 1270 2803 modo
1289 2740 1364 2804 idea
1383 2739 1443 2804 sed

537 2835 640 2897 etiam
654 2833 822 2896 confessio
835 2835 935 2896 trium
949 2833 1109 2908 Deorum,
1123 2836 1177 2917 qui
1191 2843 1307 2898 tamen
1321 2855 1365 2898 ex
1378 2833 1444 2898 tide

539 2927 732 2993 Christiana
755 2947 823 2990 non
847 2929 1002 2992 dicentur
1025 2937 1096 2992 tres
1119 2928 1179 2992 sed
1203 2947 1299 3003 unus,
1323 2947 1443 2992 secun-

539 3024 619 3085 dum
639 3021 839 3102 Symbolum
859 3021 1051 3085 Athanasii.

391 3129 419 3200 5.
450 3114 552 3198 Quod
572 3117 697 3179 veritas
716 3117 771 3190 sit,
789 3115 879 3198 quod
899 3117 943 3178 ab
961 3126 1102 3180 aeterno
1121 3137 1180 3180 seu
1198 3126 1280 3181 ante
1298 3117 1443 3181 creatio·

538 3230 616 3274 nem
630 3229 698 3273 non
711 3209 833 3273 suerint
846 3219 916 3273 tres
930 3209 1108 3286 Personae,
1120 3231 1260 3292 quarum
1273 3231 1443 3294 unaquae-

536 3305 587 3367 vis
610 3304 671 3368 suit
695 3305 808 3379 Deus;
835 3305 884 3367 ita
908 3323 976 3366 non
1000 3313 1069 3367 tres
1090 3302 1221 3378 infiniti,
1243 3315 1312 3367 tres
1335 3306 1443 3368 incre·

538 3401 597 3473 ati,
621 3408 692 3461 tres
715 3399 882 3474 immensi,
906 3399 1047 3472 aeterni,
1072 3399 1444 3480 omnipotentes-sed

539 3491 648 3557 Unus.

388 3585 419 3651 6.
450 3585 501 3651 At
518 3586 608 3669 quod
625 3595 703 3670 post
716 3587 924 3650 creationem
938 3595 1062 3650 exorta
1078 3586 1122 3648 sit
1139 3586 1262 3649 Divina
1274 3585 1444 3664 Trinitas;

538 3683 698 3763 quoniam
723 3691 803 3744 tunc
827 3701 872 3744 ex
898 3679 998 3743 Patre
1022 3689 1123 3742 natus
1146 3689 1199 3743 est
1224 3679 1338 3756 Filius,
1363 3688 1398 3742 et
1425 3700 1444 3744 a

539 3776 640 3839 Patre
657 3796 716 3858 per
736 3775 858 3837 Filium
878 3774 1032 3857 procedit
1052 3771 1214 3838 Sanctum
1234 3773 1323 3857 quod
1342 3793 1444 3836 voca·

536 3881 591 3933 tur
611 3868 754 3951 Spiritus
774 3867 928 3932 Sanctus.

389 3977 419 4044 7.
451 3961 552 4045 Quod
583 3963 672 4038 inde,
693 3965 770 4046 quia
795 3963 895 4026 Pater
918 3973 971 4026 est
1002 3965 1115 4027 anima
1138 3973 1173 4027 et
1203 3964 1275 4026 vita
1298 3961 1385 4038 Filii,
1405 3983 1444 4027 ac

541 4057 646 4120 Filius
662 4058 846 4120 humanum
859 4077 981 4140 corpus
995 4057 1114 4132 Patris,
1128 4077 1167 4121 ac
1182 4056 1325 4140 Spiritus
1338 4055 1445 4120 Sanc·

538 4161 593 4216 tus
611 4153 769 4215 Divinum
789 4153 989 4234 procedens,
1007 4164 1168 4234 sequatur
1186 4152 1276 4234 quod
1295 4151 1443 4214 consub-

538 4247 720 4310 stantiales
733 4249 801 4309 sint
814 4267 821 4324 ;
845 4255 881 4310 et
898 4247 975 4310 inde
988 4247 1078 4330 quod
1092 4265 1159 4309 non
1173 4244 1371 4326 singulatim
1384 4245 1445 4308 sed

540 4338 746 4423 conjun6tim
763 4340 963 4404 subsistant.

392 4437 422 4501 8.
452 4435 500 4500 Et
528 4435 619 4518 quod
643 4435 720 4518 quia
747 4436 936 4517 proprietas
964 4435 1059 4498 unius
1083 4434 1268 4498 secundum
1292 4433 1444 4496 ordinem

541 4530 713 4593 derivetur
731 4539 766 4592 et
786 4529 1008 4592 transcendat
1028 4529 1061 4591 in
1081 4527 1237 4603 alterum,
1257 4537 1293 4592 et
1316 4526 1443 4590 abhoc

537 4626 571 4688 in
591 4625 741 4700 tertium,
761 4625 829 4688 sint
849 4643 916 4687 una
935 4623 1094 4700 Persona,
1114 4624 1162 4687 ita
1181 4642 1266 4686 unus
1285 4621 1389 4687 Deus.
