3288 5294
272 690 332 758 130
562 689 613 740 DE
636 687 741 741 NOVA
765 687 1041 742 HIEROSOLYMA

268 873 343 920 rum,
352 865 512 928 utrumque
521 857 559 911 ab
570 855 648 928 Ipso,
658 866 795 911 constare
806 866 905 927 potest
914 871 951 912 ex
963 871 1008 919 eo,
1019 857 1101 928 quod
1115 857 1165 914 illa
1173 857 1234 914 sint
1242 871 1318 930 quae
1331 873 1384 912 nu-

267 928 364 982 triunt
378 928 469 982 vitam
486 927 669 998 spiritualem
685 926 831 987 hominis:
850 927 920 982 inde
934 927 1051 991 dicitur,
1068 926 1161 983 ‘Caro
1175 943 1241 983 mea
1256 939 1302 984 est
1315 943 1384 983 vere

267 998 360 1060 cibus.
372 1007 404 1052 et
418 997 538 1069 sanguis
554 1013 637 1052 meus
651 1006 698 1052 est
712 1011 781 1052 vere
797 1007 885 1068 potus
895 997 910 1052 :'
931 1007 962 1052 et
980 997 1050 1068 quia
1066 997 1159 1053 homo
1174 1014 1227 1070 per
1242 997 1384 1053 Divinum

269 1068 386 1122 Bonum
402 1077 433 1124 et
446 1067 556 1122 Verum
569 1068 680 1137 conjun
703 1067 763 1121 'tur
776 1066 915 1130 Domino.
929 1067 997 1123 ideo
1012 1068 1102 1123 etiam
1115 1068 1231 1132 dicitur,
1245 1067 1319 1142 ‘Qui
1334 1083 1384 1122 co·

267 1138 361 1192 medit
373 1153 491 1192 carnem
506 1153 601 1192 meam
615 1147 646 1192 et
658 1139 687 1191 δι
711 1137 733 1192 it
746 1138 920 1210 sanguinem
934 1153 1042 1202 meum.
1052 1137 1173 1194 habebit
1185 1139 1278 1194 vitam
1291 1147 1385 1195 aeter-

268 1223 351 1272 nam;
370 1217 401 1263 et
414 1208 463 1263 ille
476 1207 506 1263 in
520 1207 570 1263 Me
583 1217 684 1263 manet
696 1217 727 1264 et
741 1207 805 1280 Ego
818 1207 848 1263 in
862 1207 954 1264 illo.'”

269 1351 306 1407 Et
318 1367 407 1423 supra
419 1351 449 1406 in
461 1367 499 1407 eo
511 1351 616 1424 capite,

310 1471 370 1519 “Ne
380 1471 602 1592 Ἥωωοὶδω
614 1471 656 1530 qul
669 1471 737 1532 perit.
747 1471 935 1531 wddbnmqui
945 1478 1029 1520 met
1041 1471 1067 1520 ln
1077 1471 1303 1520 vinmoetemffl
1314 1477 1386 1532 (ven.

267 1649 357 1723 Quod
367 1657 510 1706 “manere
521 1650 550 1704 in
562 1649 694 1706 Domino
701 1647 717 1671 ”
725 1649 764 1706 sit
773 1665 837 1706 ωδε
848 1649 878 1705 ln
887 1665 988 1707 amore
999 1649 1028 1706 in
1040 1648 1150 1724 Ipsum,
1160 1649 1227 1724 lpse
1239 1649 1387 1708 Dominus

267 1732 356 1788 docet
367 1731 446 1802 apud
464 1729 627 1804 Johannem
641 1731 717 1802 (cap.
729 1747 776 1788 xv.
790 1731 881 1800 2-12).
