3338 5300
612 725 715 780 xovs
738 727 1007 782 succussa-x.
1027 731 1074 798 19.
1361 733 1400 798 27

283 895 390 978 prima
405 895 559 979 proxime
575 895 681 960 ambit
697 895 804 962 solem
820 907 855 960 et
874 907 1015 960 vocatur
1029 917 1120 972 aura,
1136 895 1245 961 altera
1260 897 1322 962 sub
1337 897 1400 962 hac

282 999 318 1052 et
337 999 477 1054 vocatur
495 990 622 1064 aether,
642 1009 681 1054 ac
705 991 806 1054 tertia
825 992 887 1055 sub
909 991 974 1054 illis
996 1001 1032 1054 et
1055 1001 1197 1056 vocatur
1219 1011 1297 1070 aer;
1329 1001 1400 1056 tres
1455 1025 1468 1046 .

281 1083 347 1147 hae
365 1085 624 1167 atmosphaerae
647 1086 679 1147 in
699 1085 825 1149 mundo
844 1085 989 1149 naturali
1007 1093 1087 1148 sunt
1106 1085 1288 1161 naturales,
1307 1087 1341 1150 in
1364 1107 1401 1151 se

282 1179 445 1260 passivae,
469 1179 547 1262 quia
569 1199 614 1243 ex
641 1179 714 1243 sole
736 1179 792 1263 qui
815 1189 868 1244 est
895 1199 995 1263 purus
1018 1179 1105 1262 ignis
1124 1180 1332 1262 procedunt;
1364 1192 1400 1246 at

281 1282 351 1335 tres
369 1271 435 1336 illis
453 1273 758 1356 correspondentes
775 1275 808 1337 in
828 1275 955 1338 mundo
970 1275 1134 1357 spirituali
1150 1283 1228 1338 sunt
1245 1275 1399 1356 spiritua*-

282 1365 341 1440 les,
361 1367 394 1430 in
413 1387 450 1431 se
468 1363 609 1443 activae,
628 1369 705 1450 quia
723 1389 768 1431 ex
792 1367 871 1432 Sole
890 1369 945 1451 qui
967 1377 1020 1432 est
1043 1388 1144 1450 purus
1166 1387 1261 1432 amor
1280 1387 1398 1451 proce·

281 1459 376 1524 dunt.
420 1459 549 1542 Angeli
571 1462 741 1525 caelorum
764 1463 797 1524 in
816 1462 1009 1544 regionibus
1028 1463 1128 1526 trium
1152 1463 1269 1526 harum
1288 1472 1399 1527 atmo-

281 1553 497 1634 sphaerarum
513 1553 688 1633 habitant;
712 1555 825 1636 angeli
841 1557 987 1638 supremi
1006 1555 1090 1620 caeli
1109 1557 1142 1619 in
1161 1575 1242 1634 aura
1259 1555 1400 1622 caelesti

281 1667 367 1730 quae
397 1650 551 1732 proxime
581 1649 687 1714 ambit
717 1649 831 1714 Solem
862 1651 917 1714 ubi
948 1650 1126 1726 Dominus,
1156 1650 1270 1732 angeli
1299 1651 1400 1715 medii

281 1741 366 1806 caeli
392 1744 425 1806 in
448 1744 586 1808 aethere
611 1744 773 1827 spirituali
791 1745 861 1832 'sub
883 1743 959 1819 illis,
983 1754 1018 1808 et
1045 1743 1158 1826 angeli
1185 1743 1289 1808 infimi
1315 1744 1400 1808 caeli

281 1837 315 1900 in
333 1857 410 1900 aere
428 1837 590 1920 spirituali
610 1837 753 1902 naturali
772 1839 834 1901 sub
852 1839 982 1902 duobus
1005 1837 1091 1916 illis,
1126 1839 1174 1902 ita
1192 1839 1398 1903 constabiliti

282 1939 360 1994 sunt
383 1951 501 1995 omnes
524 1931 619 2007 caeli,
639 1951 659 1995 a
681 1933 790 2015 primo
812 1933 855 1996 ad
879 1932 1032 1996 ultimum
1056 1933 1120 1996 hoc
1144 1933 1234 2016 quod
1257 1934 1357 1997 hodie
1379 1955 1399 1997 a

282 2023 430 2088 Domino
456 2027 621 2090 conditur.
667 2026 723 2089 Ex
753 2027 805 2090 his
835 2027 1058 2090 animadverti
1088 2037 1203 2109 potest
1230 2027 1319 2091 unde
1345 2039 1397 2092 est

281 2119 371 2201 quod
395 2139 454 2201 per
474 2120 589 2183 “tria”
608 2121 641 2184 in
665 2121 782 2184 Verbo
805 2118 1036 2203 significetur¹'¹
1054 2120 1264 2204 completum
1289 2120 1395 2205 (vide-

281 2223 356 2277 atur
373 2213 597 2296 Apocalypsis
615 2214 786 2290 Revelato,
806 2235 838 2278 n.
861 2229 931 2296 507,
948 2213 1036 2298 875).

340 2413 407 2481 18.
436 2413 498 2488 (ri.)
522 2413 607 2486 duod
626 2415 767 2478 Dominus
788 2415 914 2478 delerit
936 2433 980 2478 er-
1000 2433 1074 2478 roro
1097 2415 1156 2478 hoe
1178 2415 1270 2479 caelo
1293 2433 1399 2480 mrem

281 2503 451 2569 [valseium
463 2503 495 2567 in
509 2505 604 2568 terrie
617 2505 736 2568 derivet
747 2511 781 2568 et
788 2506 951 2586 producet,
967 2505 1048 2588 quod
1058 2505 1093 2568 lr't
1101 2524 1162 2586 per·
1174 2505 1399 2570 uenturum

284 2597 446 2661 'summm
457 2617 627 2662 excusare
638 2603 694 2661 eut
702 2617 744 2662 οι
752 2617 809 2662 ruo
821 2597 925 2671 Verbo,
935 2605 969 2662 et
977 2597 1397 2681 inspirationem-Legitur

280 2691 370 2774 quod
387 2691 560 2774 Johannes
579 2693 700 2756 viderit

331 2839 460 2890 “Urbem
472 2837 603 2900 eandam,
614 2839 831 2904 Hierosolymam
842 2839 957 2898 Novam,
967 2840 1174 2890 descendentem
1186 2855 1203 2889 a
1213 2839 1272 2889 Deo
1283 2854 1299 2889 e
1311 2839 1394 2896 caelo.

410 2917 530 2970 paratam
542 2906 611 2956 sicut
623 2905 755 2969 Sponsam
768 2915 891 2955 ornatam
906 2903 1004 2955 Marito
1012 2905 1026 2925 ''
1038 2905 1124 2970 (Aper.
1136 2905 1189 2956 xxi.
1201 2905 1235 2967 a).

280 3066 342 3131 Per
361 3068 505 3132 “urbem
529 3065 692 3142 sanctam,
716 3066 987 3149 Hierosolymam
1012 3066 1175 3143 Novam,”
1196 3067 1396 3150 intelligitur

280 3159 433 3226 doctrina
456 3161 575 3225 Novae
599 3161 784 3237 Ecclesiae,
804 3163 852 3225 ita
875 3161 1030 3225 Ecclesia
1052 3161 1164 3244 quoad
1187 3157 1395 3240 doctrinam3

280 3265 315 3319 et
339 3276 397 3337 per
419 3256 508 3338 quod
534 3255 772 3337 Hierosolyma
796 3261 845 3318 “a
868 3255 942 3319 Deo
964 3277 983 3319 e
1006 3255 1124 3318 caelo”
1145 3275 1235 3318 novo
1257 3256 1397 3320 descen·

280 3349 376 3424 derit,
389 3349 589 3432 intelligitur
601 3349 691 3432 quod
707 3369 787 3413 vera
802 3347 955 3414 doctrina
968 3349 1141 3412 Ecclesiae
1158 3367 1225 3412 non
1241 3349 1394 3414 aliunde:

280 3444 370 3526 quod
393 3441 547 3507 doctrina
568 3443 792 3520 descenderit,
812 3455 865 3506 est
888 3445 965 3526 quia
987 3442 1142 3507 Ecclesia
1165 3453 1218 3506 est
1241 3441 1396 3508 Ecclesia

280 3557 325 3601 ex
345 3535 498 3601 doctrina
516 3547 551 3601 et
571 3539 755 3601 secundum
774 3537 889 3616 illam;
913 3538 1040 3620 absque
1058 3537 1133 3612 hac,
1153 3537 1308 3603 Ecclesia
1327 3557 1394 3602 non

281 3631 355 3715 plus
378 3641 430 3696 est
455 3631 610 3696 Ecclesia
628 3651 728 3715 quam
747 3632 850 3696 homo
873 3641 926 3696 est
949 3632 1052 3696 homo
1075 3633 1201 3714 absque
1224 3633 1393 3706 membris,

279 3728 471 3800 visceribus,
491 3737 526 3790 et
550 3727 696 3808 organis,
716 3728 764 3790 ita
786 3747 831 3789 ex
855 3726 929 3790 solo
951 3726 1117 3790 velamine
1136 3735 1282 3788 cutaneo
1304 3727 1394 3808 quod

279 3821 381 3885 modo
399 3832 578 3885 externam
598 3823 744 3904 speciem
767 3820 837 3901 ejus
856 3819 999 3902 figurat3
1034 3839 1096 3883 nec
1120 3819 1195 3902 plus
1213 3839 1314 3902 quam
1332 3821 1394 3885 do·

279 3935 353 3978 mus
375 3925 428 3980 est
447 3916 567 3979 domus
587 3915 714 3998 absque
732 3914 902 3990 thalamis,
922 3915 1101 3989 cenaculis,
1121 3923 1156 3977 et
1180 3915 1395 3996 apparatibus
1479 3967 1483 3976 ,

279 4031 357 4074 usus
380 4011 480 4083 intus,
501 4011 549 4074 ita
571 4029 616 4073 ex
641 4009 716 4072 solo
739 4009 868 4092 pariete
890 4019 926 4072 et
950 4009 1109 4072 lacunato
1132 4004 1234 4071 tec'to.
1279 4006 1394 4072 Simile

279 4111 331 4166 est
354 4121 431 4166 cum
454 4100 609 4166 Ecclesia
627 4105 754 4187 absque
773 4101 935 4166 doctrina.
981 4101 1082 4184 Quod
1102 4101 1395 4182 “Hierosolyma''

278 4196 445 4278 significet
469 4196 659 4260 Ecclesiam
682 4198 793 4281 quoad
816 4195 1016 4272 doctrinam,
1040 4217 1085 4259 ex
1109 4195 1226 4259 Verbo
1248 4192 1394 4259 evictum

278 4291 432 4355 videatur
457 4293 490 4355 in
517 4293 590 4374 ipso
616 4313 719 4374 opere
750 4291 836 4355 Vera
860 4289 1060 4356 Christiana
1080 4289 1211 4372 Religio
1234 4287 1281 4371 (n.
1304 4289 1393 4371 782).

278 4383 334 4449 Ex
357 4387 409 4449 his
432 4385 536 4469 liquet
555 4387 644 4468 quod
669 4386 823 4450 Ecclesia
844 4387 877 4448 in
901 4386 998 4448 terris
1020 4385 1189 4448 derivetur
1211 4392 1246 4446 et
1270 4383 1392 4466 produ-

277 4490 374 4544 catur
392 4501 451 4563 per
470 4479 600 4544 caelum
619 4479 810 4561 angelicum
830 4499 850 4543 a
869 4479 1026 4542 Domino.

341 4591 410 4658 19.
441 4575 597 4638 Referam
613 4575 798 4657 paradoxa,
812 4593 898 4657 quae
913 4583 1028 4637 tamen
1045 4591 1113 4636 non
1126 4571 1300 4655 paradoxa
1315 4581 1393 4634 sunt

278 4669 310 4733 in
327 4669 432 4746 caelo,
449 4677 628 4753 quaesunt
647 4669 750 4733 haec:
784 4668 796 4748 ζ
803 4669 844 4751 1.)
869 4666 969 4750 Quod
988 4667 1132 4732 mundus
1147 4665 1309 4732 naturalis
1325 4683 1391 4730 non
