<?xml version="1.0" encoding="UTF-8"?>
<!DOCTYPE html PUBLIC "-//W3C//DTD XHTML 1.0 Transitional//EN"
    "http://www.w3.org/TR/xhtml1/DTD/xhtml1-transitional.dtd">
<html xmlns="http://www.w3.org/1999/xhtml" xml:lang="en" lang="en">
 <head>
  <title>
</title>
<meta http-equiv="Content-Type" content="text/html;charset=utf-8" />
  <meta name='ocr-system' content='tesseract 3.04.00' />
  <meta name='ocr-capabilities' content='ocr_page ocr_carea ocr_par ocr_line ocrx_word'/>
</head>
<body>
  <div class='ocr_page' id='page_1' title='image "./denovahierosoly00swedgoog_0374.png"; bbox 0 0 3322 5298; ppageno 0'>
   <div class='ocr_carea' id='block_1_1' title="bbox 694 667 1454 736">
    <p class='ocr_par' dir='ltr' id='par_1_1' title="bbox 694 667 1454 736">
     <span class='ocr_line' id='line_1_1' title="bbox 694 667 1454 736; baseline -0.005 -14"><span class='ocrx_word' id='word_1_1' title='bbox 694 671 745 722; x_wconf 85' lang='lat' dir='ltr'>DE</span> <span class='ocrx_word' id='word_1_2' title='bbox 768 670 915 722; x_wconf 84' lang='lat' dir='ltr'>SPIRITU</span> <span class='ocrx_word' id='word_1_3' title='bbox 937 667 1097 722; x_wconf 82' lang='lat' dir='ltr'>SANCTO.</span> <span class='ocrx_word' id='word_1_4' title='bbox 1412 669 1454 736; x_wconf 87' lang='lat'>47</span> 
     </span>
    </p>
   </div>
   <div class='ocr_carea' id='block_1_2' title="bbox 400 837 1454 1302">
    <p class='ocr_par' dir='ltr' id='par_1_2' title="bbox 548 837 1453 1094">
     <span class='ocr_line' id='line_1_2' title="bbox 548 837 1452 923; baseline -0.007 -16"><span class='ocrx_word' id='word_1_5' title='bbox 548 850 633 916; x_wconf 92' lang='lat' dir='ltr'>tum,</span> <span class='ocrx_word' id='word_1_6' title='bbox 646 862 667 904; x_wconf 91' lang='lat' dir='ltr'>a</span> <span class='ocrx_word' id='word_1_7' title='bbox 680 841 830 905; x_wconf 92' lang='lat' dir='ltr'>Domino</span> <span class='ocrx_word' id='word_1_8' title='bbox 842 861 901 923; x_wconf 91' lang='lat' dir='ltr'>per</span> <span class='ocrx_word' id='word_1_9' title='bbox 913 840 1071 904; x_wconf 88' lang='lat' dir='ltr'>clericum</span> <span class='ocrx_word' id='word_1_10' title='bbox 1085 838 1248 922; x_wconf 85' lang='lat' dir='ltr'>procedat</span> <span class='ocrx_word' id='word_1_11' title='bbox 1261 838 1303 902; x_wconf 90' lang='lat' dir='ltr'>ad</span> <span class='ocrx_word' id='word_1_12' title='bbox 1318 837 1452 914; x_wconf 88' lang='lat' dir='ltr'>laicum,</span> 
     </span>
     <span class='ocr_line' id='line_1_3' title="bbox 548 933 1453 1018; baseline -0.004 -18"><span class='ocrx_word' id='word_1_13' title='bbox 548 957 608 1018; x_wconf 91' lang='lat' dir='ltr'>per</span> <span class='ocrx_word' id='word_1_14' title='bbox 624 936 905 1018; x_wconf 87' lang='lat' dir='ltr'>praedicationes,</span> <span class='ocrx_word' id='word_1_15' title='bbox 920 935 1105 998; x_wconf 87' lang='lat' dir='ltr'>secundum</span> <span class='ocrx_word' id='word_1_16' title='bbox 1122 934 1354 1015; x_wconf 84' lang='lat' dir='ltr'>receptionem</span> <span class='ocrx_word' id='word_1_17' title='bbox 1371 933 1453 996; x_wconf 88' lang='lat' dir='ltr'>doc-</span> 
     </span>
     <span class='ocr_line' id='line_1_4' title="bbox 549 1028 952 1094; baseline -0.005 0"><span class='ocrx_word' id='word_1_18' title='bbox 549 1033 658 1094; x_wconf 83' lang='lat' dir='ltr'>trinae</span> <span class='ocrx_word' id='word_1_19' title='bbox 673 1031 830 1094; x_wconf 87' lang='lat' dir='ltr'>veritatis</span> <span class='ocrx_word' id='word_1_20' title='bbox 846 1028 952 1093; x_wconf 72' lang='lat' dir='ltr'>inde*</span> 
     </span>
    </p>

    <p class='ocr_par' dir='ltr' id='par_1_3' title="bbox 400 1120 1454 1302">
     <span class='ocr_line' id='line_1_5' title="bbox 400 1120 1454 1210; baseline -0.003 -21"><span class='ocrx_word' id='word_1_21' title='bbox 400 1142 430 1210; x_wconf 67' lang='lat' dir='ltr'>o</span> <span class='ocrx_word' id='word_1_22' title='bbox 461 1125 509 1189; x_wconf 90' lang='lat' dir='ltr'>Et</span> <span class='ocrx_word' id='word_1_23' title='bbox 527 1125 618 1208; x_wconf 91' lang='lat' dir='ltr'>quod</span> <span class='ocrx_word' id='word_1_24' title='bbox 632 1145 691 1207; x_wconf 92' lang='lat' dir='ltr'>per</span> <span class='ocrx_word' id='word_1_25' title='bbox 702 1134 954 1188; x_wconf 87' lang='lat' dir='ltr'>sacramentum</span> <span class='ocrx_word' id='word_1_26' title='bbox 968 1120 1115 1188; x_wconf 73' lang='lat' dir='ltr'>Sanctae</span> <span class='ocrx_word' id='word_1_27' title='bbox 1128 1121 1254 1199; x_wconf 86' lang='lat' dir='ltr'>Cenae,</span> <span class='ocrx_word' id='word_1_28' title='bbox 1268 1122 1454 1186; x_wconf 89' lang='lat' dir='ltr'>secundum</span> 
     </span>
     <span class='ocr_line' id='line_1_6' title="bbox 547 1217 1004 1302; baseline -0.002 -20"><span class='ocrx_word' id='word_1_29' title='bbox 547 1220 792 1302; x_wconf 88' lang='lat' dir='ltr'>paenitentiam</span> <span class='ocrx_word' id='word_1_30' title='bbox 811 1227 892 1282; x_wconf 87' lang='lat' dir='ltr'>ante</span> <span class='ocrx_word' id='word_1_31' title='bbox 910 1217 1004 1282; x_wconf 91' lang='lat' dir='ltr'>illud.</span> 
     </span>
    </p>
   </div>
   <div class='ocr_carea' id='block_1_3' title="bbox 687 1711 1115 1795">
    <p class='ocr_par' dir='ltr' id='par_1_4' title="bbox 687 1711 1115 1795">
     <span class='ocr_line' id='line_1_7' title="bbox 687 1711 1115 1795; baseline -0.007 -16"><span class='ocrx_word' id='word_1_32' title='bbox 687 1711 846 1779; x_wconf 67' lang='lat' dir='ltr'>cneus</span> <span class='ocrx_word' id='word_1_33' title='bbox 877 1711 1115 1795; x_wconf 81' lang='lat' dir='ltr'>QumTuM.</span> 
     </span>
    </p>
   </div>
   <div class='ocr_carea' id='block_1_4' title="bbox 340 1942 1477 2118">
    <p class='ocr_par' dir='ltr' id='par_1_5' title="bbox 340 1942 1477 2118">
     <span class='ocr_line' id='line_1_8' title="bbox 340 1942 1477 2030; baseline -0.003 -18"><span class='ocrx_word' id='word_1_34' title='bbox 340 1947 452 2030; x_wconf 87' lang='lat' dir='ltr'>Quoo</span> <span class='ocrx_word' id='word_1_35' title='bbox 486 1948 659 2012; x_wconf 83' lang='lat' dir='ltr'>D1v1uuu</span> <span class='ocrx_word' id='word_1_36' title='bbox 689 1960 922 2022; x_wconf 83' lang='lat' dir='ltr'>PROCEDENS,</span> <span class='ocrx_word' id='word_1_37' title='bbox 946 1959 1050 2023; x_wconf 87' lang='lat' dir='ltr'>Quoo</span> <span class='ocrx_word' id='word_1_38' title='bbox 1072 1958 1251 2012; x_wconf 76' lang='lat' dir='ltr'>vocnrurc</span> <span class='ocrx_word' id='word_1_39' title='bbox 1282 1942 1477 2030; x_wconf 75' lang='lat' dir='ltr'>Scuurus</span> 
     </span>
     <span class='ocr_line' id='line_1_9' title="bbox 465 2039 1455 2118; baseline -0.005 -13"><span class='ocrx_word' id='word_1_40' title='bbox 465 2040 649 2118; x_wconf 79' lang='lat' dir='ltr'>SANCTUS,</span> <span class='ocrx_word' id='word_1_41' title='bbox 680 2055 721 2104; x_wconf 83' lang='lat' dir='ltr'>ru</span> <span class='ocrx_word' id='word_1_42' title='bbox 755 2053 917 2104; x_wconf 73' lang='lat' dir='ltr'>monuo</span> <span class='ocrx_word' id='word_1_43' title='bbox 947 2053 1064 2104; x_wconf 80' lang='lat' dir='ltr'>sausu</span> <span class='ocrx_word' id='word_1_44' title='bbox 1093 2052 1151 2104; x_wconf 76' lang='lat' dir='ltr'>srr</span> <span class='ocrx_word' id='word_1_45' title='bbox 1182 2039 1359 2114; x_wconf 79' lang='lat' dir='ltr'>VERBUM,</span> <span class='ocrx_word' id='word_1_46' title='bbox 1391 2051 1455 2101; x_wconf 81' lang='lat' dir='ltr'>um</span> 
     </span>
    </p>
   </div>
   <div class='ocr_carea' id='block_1_5' title="bbox 465 2135 755 2201">
    <p class='ocr_par' dir='ltr' id='par_1_6' title="bbox 465 2135 755 2201">
     <span class='ocr_line' id='line_1_10' title="bbox 465 2135 755 2201; baseline -0.003 0"><span class='ocrx_word' id='word_1_47' title='bbox 465 2135 649 2201; x_wconf 78' lang='lat' dir='ltr'>Snucruu</span> <span class='ocrx_word' id='word_1_48' title='bbox 673 2137 755 2200; x_wconf 78' lang='lat' dir='ltr'>Dar.</span> 
     </span>
    </p>
   </div>
   <div class='ocr_carea' id='block_1_6' title="bbox 405 2315 1474 2685">
    <p class='ocr_par' dir='ltr' id='par_1_7' title="bbox 405 2315 1474 2685">
     <span class='ocr_line' id='line_1_11' title="bbox 405 2315 1474 2402; baseline -0.006 -17"><span class='ocrx_word' id='word_1_49' title='bbox 405 2337 431 2384; x_wconf 88' lang='lat'>1.</span> <span class='ocrx_word' id='word_1_50' title='bbox 461 2318 563 2402; x_wconf 88' lang='lat' dir='ltr'>Quod</span> <span class='ocrx_word' id='word_1_51' title='bbox 579 2319 731 2383; x_wconf 91' lang='lat' dir='ltr'>Verbum</span> <span class='ocrx_word' id='word_1_52' title='bbox 748 2320 791 2383; x_wconf 91' lang='lat' dir='ltr'>sit</span> <span class='ocrx_word' id='word_1_53' title='bbox 807 2321 916 2402; x_wconf 90' lang='lat' dir='ltr'>ipsum</span> <span class='ocrx_word' id='word_1_54' title='bbox 934 2315 1106 2393; x_wconf 75' lang='lat' dir='ltr'>Sannum,</span> <span class='ocrx_word' id='word_1_55' title='bbox 1120 2318 1153 2380; x_wconf 91' lang='lat' dir='ltr'>in</span> <span class='ocrx_word' id='word_1_56' title='bbox 1170 2315 1327 2382; x_wconf 89' lang='lat' dir='ltr'>Ecclesia</span> <span class='ocrx_word' id='word_1_57' title='bbox 1339 2315 1474 2380; x_wconf 88' lang='lat' dir='ltr'>Chris··</span> 
     </span>
     <span class='ocr_line' id='line_1_12' title="bbox 550 2411 1456 2495; baseline -0.003 -17"><span class='ocrx_word' id='word_1_58' title='bbox 550 2417 654 2490; x_wconf 87' lang='lat' dir='ltr'>tiana,</span> <span class='ocrx_word' id='word_1_59' title='bbox 672 2435 717 2478; x_wconf 90' lang='lat' dir='ltr'>ex</span> <span class='ocrx_word' id='word_1_60' title='bbox 734 2414 860 2476; x_wconf 94' lang='lat' dir='ltr'>Divino</span> <span class='ocrx_word' id='word_1_61' title='bbox 880 2413 1028 2488; x_wconf 90' lang='lat' dir='ltr'>Domini,</span> <span class='ocrx_word' id='word_1_62' title='bbox 1046 2412 1136 2495; x_wconf 91' lang='lat' dir='ltr'>quod</span> <span class='ocrx_word' id='word_1_63' title='bbox 1155 2412 1235 2474; x_wconf 92' lang='lat' dir='ltr'>inibi</span> <span class='ocrx_word' id='word_1_64' title='bbox 1254 2421 1307 2476; x_wconf 89' lang='lat' dir='ltr'>est</span> <span class='ocrx_word' id='word_1_65' title='bbox 1324 2421 1360 2476; x_wconf 92' lang='lat' dir='ltr'>et</span> <span class='ocrx_word' id='word_1_66' title='bbox 1377 2411 1456 2475; x_wconf 90' lang='lat' dir='ltr'>inde</span> 
     </span>
     <span class='ocr_line' id='line_1_13' title="bbox 544 2506 1456 2589; baseline -0.004 -17"><span class='ocrx_word' id='word_1_67' title='bbox 544 2518 609 2572; x_wconf 89' lang='lat' dir='ltr'>est.</span> <span class='ocrx_word' id='word_1_68' title='bbox 655 2507 769 2589; x_wconf 87' lang='lat' dir='ltr'>Quare</span> <span class='ocrx_word' id='word_1_69' title='bbox 797 2508 957 2570; x_wconf 91' lang='lat' dir='ltr'>Divinum</span> <span class='ocrx_word' id='word_1_70' title='bbox 981 2507 1180 2589; x_wconf 90' lang='lat' dir='ltr'>procedens,</span> <span class='ocrx_word' id='word_1_71' title='bbox 1200 2506 1290 2589; x_wconf 93' lang='lat' dir='ltr'>quod</span> <span class='ocrx_word' id='word_1_72' title='bbox 1313 2515 1456 2569; x_wconf 90' lang='lat' dir='ltr'>vocatur</span> 
     </span>
     <span class='ocr_line' id='line_1_14' title="bbox 548 2598 1453 2685; baseline -0.004 -19"><span class='ocrx_word' id='word_1_73' title='bbox 548 2601 692 2685; x_wconf 88' lang='lat' dir='ltr'>Spiritus</span> <span class='ocrx_word' id='word_1_74' title='bbox 715 2599 870 2676; x_wconf 69' lang='lat' dir='ltr'>Sanctus,</span> <span class='ocrx_word' id='word_1_75' title='bbox 892 2602 925 2663; x_wconf 94' lang='lat' dir='ltr'>in</span> <span class='ocrx_word' id='word_1_76' title='bbox 949 2601 1084 2683; x_wconf 88' lang='lat' dir='ltr'>proprio</span> <span class='ocrx_word' id='word_1_77' title='bbox 1107 2620 1208 2664; x_wconf 89' lang='lat' dir='ltr'>sensu</span> <span class='ocrx_word' id='word_1_78' title='bbox 1227 2609 1280 2662; x_wconf 88' lang='lat' dir='ltr'>est</span> <span class='ocrx_word' id='word_1_79' title='bbox 1300 2598 1453 2662; x_wconf 89' lang='lat' dir='ltr'>Verbum</span> 
     </span>
    </p>
   </div>
   <div class='ocr_carea' id='block_1_7' title="bbox 400 2694 1457 4102">
    <p class='ocr_par' dir='ltr' id='par_1_8' title="bbox 550 2694 889 2765">
     <span class='ocr_line' id='line_1_15' title="bbox 550 2694 889 2765; baseline 0.018 -6"><span class='ocrx_word' id='word_1_80' title='bbox 550 2709 586 2760; x_wconf 93' lang='lat' dir='ltr'>et</span> <span class='ocrx_word' id='word_1_81' title='bbox 606 2694 768 2759; x_wconf 64' lang='lat' dir='ltr'>Sanctum</span> <span class='ocrx_word' id='word_1_82' title='bbox 792 2695 889 2765; x_wconf 90' lang='lat' dir='ltr'>Dei.†</span> 
     </span>
    </p>

    <p class='ocr_par' dir='ltr' id='par_1_9' title="bbox 401 2786 1456 3042">
     <span class='ocr_line' id='line_1_16' title="bbox 401 2786 1456 2872; baseline -0.006 -18"><span class='ocrx_word' id='word_1_83' title='bbox 401 2807 430 2854; x_wconf 89' lang='lat'>2.</span> <span class='ocrx_word' id='word_1_84' title='bbox 463 2789 563 2872; x_wconf 87' lang='lat' dir='ltr'>Quod</span> <span class='ocrx_word' id='word_1_85' title='bbox 583 2791 750 2854; x_wconf 90' lang='lat' dir='ltr'>Dominus</span> <span class='ocrx_word' id='word_1_86' title='bbox 766 2791 810 2853; x_wconf 90' lang='lat' dir='ltr'>sit</span> <span class='ocrx_word' id='word_1_87' title='bbox 823 2788 986 2864; x_wconf 89' lang='lat' dir='ltr'>Verbum,</span> <span class='ocrx_word' id='word_1_88' title='bbox 1004 2798 1058 2852; x_wconf 86' lang='lat' dir='ltr'>est</span> <span class='ocrx_word' id='word_1_89' title='bbox 1073 2788 1150 2871; x_wconf 91' lang='lat' dir='ltr'>quia</span> <span class='ocrx_word' id='word_1_90' title='bbox 1166 2786 1248 2850; x_wconf 91' lang='lat' dir='ltr'>iilud</span> <span class='ocrx_word' id='word_1_91' title='bbox 1267 2807 1287 2850; x_wconf 92' lang='lat' dir='ltr'>a</span> <span class='ocrx_word' id='word_1_92' title='bbox 1306 2786 1456 2850; x_wconf 91' lang='lat' dir='ltr'>Domino</span> 
     </span>
     <span class='ocr_line' id='line_1_17' title="bbox 548 2881 1456 2964; baseline -0.003 -16"><span class='ocrx_word' id='word_1_93' title='bbox 548 2894 613 2960; x_wconf 91' lang='lat' dir='ltr'>est,</span> <span class='ocrx_word' id='word_1_94' title='bbox 634 2895 670 2948; x_wconf 91' lang='lat' dir='ltr'>et</span> <span class='ocrx_word' id='word_1_95' title='bbox 693 2884 735 2948; x_wconf 89' lang='lat' dir='ltr'>de</span> <span class='ocrx_word' id='word_1_96' title='bbox 759 2885 918 2959; x_wconf 91' lang='lat' dir='ltr'>Domino,</span> <span class='ocrx_word' id='word_1_97' title='bbox 939 2893 975 2947; x_wconf 90' lang='lat' dir='ltr'>et</span> <span class='ocrx_word' id='word_1_98' title='bbox 998 2883 1045 2946; x_wconf 91' lang='lat' dir='ltr'>sic</span> <span class='ocrx_word' id='word_1_99' title='bbox 1068 2883 1103 2946; x_wconf 90' lang='lat' dir='ltr'>in</span> <span class='ocrx_word' id='word_1_100' title='bbox 1122 2903 1183 2946; x_wconf 86' lang='lat' dir='ltr'>sua</span> <span class='ocrx_word' id='word_1_101' title='bbox 1204 2883 1355 2945; x_wconf 90' lang='lat' dir='ltr'>essentia</span> <span class='ocrx_word' id='word_1_102' title='bbox 1378 2881 1456 2964; x_wconf 90' lang='lat' dir='ltr'>Ipse</span> 
     </span>
     <span class='ocr_line' id='line_1_18' title="bbox 552 2980 728 3042; baseline 0 0"><span class='ocrx_word' id='word_1_103' title='bbox 552 2980 728 3042; x_wconf 73' lang='lat' dir='ltr'>Dominus</span> 
     </span>
    </p>

    <p class='ocr_par' dir='ltr' id='par_1_10' title="bbox 403 3068 1457 3438">
     <span class='ocr_line' id='line_1_19' title="bbox 403 3068 1455 3156; baseline -0.003 -19"><span class='ocrx_word' id='word_1_104' title='bbox 403 3090 430 3155; x_wconf 82' lang='lat'>3.</span> <span class='ocrx_word' id='word_1_105' title='bbox 463 3071 564 3156; x_wconf 87' lang='lat' dir='ltr'>Quod</span> <span class='ocrx_word' id='word_1_106' title='bbox 585 3074 763 3148; x_wconf 90' lang='lat' dir='ltr'>Dominus,</span> <span class='ocrx_word' id='word_1_107' title='bbox 783 3075 860 3156; x_wconf 90' lang='lat' dir='ltr'>quia</span> <span class='ocrx_word' id='word_1_108' title='bbox 879 3083 932 3136; x_wconf 88' lang='lat' dir='ltr'>est</span> <span class='ocrx_word' id='word_1_109' title='bbox 945 3071 1109 3147; x_wconf 87' lang='lat' dir='ltr'>Verbum,</span> <span class='ocrx_word' id='word_1_110' title='bbox 1127 3072 1171 3135; x_wconf 88' lang='lat' dir='ltr'>sit</span> <span class='ocrx_word' id='word_1_111' title='bbox 1191 3071 1283 3134; x_wconf 90' lang='lat' dir='ltr'>solus</span> <span class='ocrx_word' id='word_1_112' title='bbox 1300 3068 1455 3148; x_wconf 69' lang='lat' dir='ltr'>Sanctus,</span> 
     </span>
     <span class='ocr_line' id='line_1_20' title="bbox 550 3164 1455 3250; baseline -0.003 -19"><span class='ocrx_word' id='word_1_113' title='bbox 550 3177 584 3231; x_wconf 90' lang='lat' dir='ltr'>et</span> <span class='ocrx_word' id='word_1_114' title='bbox 601 3169 691 3250; x_wconf 92' lang='lat' dir='ltr'>quod</span> <span class='ocrx_word' id='word_1_115' title='bbox 711 3170 756 3230; x_wconf 91' lang='lat' dir='ltr'>sit</span> <span class='ocrx_word' id='word_1_116' title='bbox 773 3164 948 3231; x_wconf 65' lang='lat' dir='ltr'>“Sanctus</span> <span class='ocrx_word' id='word_1_117' title='bbox 965 3165 1131 3240; x_wconf 86' lang='lat' dir='ltr'>Israelis,&#39;’</span> <span class='ocrx_word' id='word_1_118' title='bbox 1147 3167 1203 3249; x_wconf 92' lang='lat' dir='ltr'>qui</span> <span class='ocrx_word' id='word_1_119' title='bbox 1222 3166 1327 3229; x_wconf 89' lang='lat' dir='ltr'>toties</span> <span class='ocrx_word' id='word_1_120' title='bbox 1347 3167 1455 3228; x_wconf 93' lang='lat' dir='ltr'>nomi·</span> 
     </span>
     <span class='ocr_line' id='line_1_21' title="bbox 550 3260 1457 3344; baseline -0.001 -21"><span class='ocrx_word' id='word_1_121' title='bbox 550 3271 650 3325; x_wconf 89' lang='lat' dir='ltr'>natur</span> <span class='ocrx_word' id='word_1_122' title='bbox 668 3263 758 3344; x_wconf 92' lang='lat' dir='ltr'>apud</span> <span class='ocrx_word' id='word_1_123' title='bbox 776 3261 979 3342; x_wconf 81' lang='lat' dir='ltr'>Prophetas,</span> <span class='ocrx_word' id='word_1_124' title='bbox 999 3261 1042 3324; x_wconf 90' lang='lat' dir='ltr'>de</span> <span class='ocrx_word' id='word_1_125' title='bbox 1061 3281 1128 3343; x_wconf 92' lang='lat' dir='ltr'>quo</span> <span class='ocrx_word' id='word_1_126' title='bbox 1146 3262 1251 3324; x_wconf 90' lang='lat' dir='ltr'>etiam</span> <span class='ocrx_word' id='word_1_127' title='bbox 1271 3261 1315 3322; x_wconf 93' lang='lat' dir='ltr'>ibi</span> <span class='ocrx_word' id='word_1_128' title='bbox 1334 3260 1457 3323; x_wconf 92' lang='lat' dir='ltr'>dicitur</span> 
     </span>
     <span class='ocr_line' id='line_1_22' title="bbox 550 3355 935 3438; baseline -0.003 -19"><span class='ocrx_word' id='word_1_129' title='bbox 550 3357 641 3438; x_wconf 92' lang='lat' dir='ltr'>quod</span> <span class='ocrx_word' id='word_1_130' title='bbox 660 3357 704 3420; x_wconf 91' lang='lat' dir='ltr'>sit</span> <span class='ocrx_word' id='word_1_131' title='bbox 723 3355 815 3420; x_wconf 90' lang='lat' dir='ltr'>solus</span> <span class='ocrx_word' id='word_1_132' title='bbox 832 3356 935 3419; x_wconf 80' lang='lat' dir='ltr'>Deus</span> 
     </span>
    </p>

    <p class='ocr_par' dir='ltr' id='par_1_11' title="bbox 400 3447 1456 3986">
     <span class='ocr_line' id='line_1_23' title="bbox 400 3447 1456 3534; baseline -0.004 -19"><span class='ocrx_word' id='word_1_133' title='bbox 400 3469 430 3530; x_wconf 87' lang='lat'><em>4</em></span> <span class='ocrx_word' id='word_1_134' title='bbox 461 3447 563 3532; x_wconf 87' lang='lat' dir='ltr'>Quod</span> <span class='ocrx_word' id='word_1_135' title='bbox 585 3451 664 3514; x_wconf 90' lang='lat' dir='ltr'>inde</span> <span class='ocrx_word' id='word_1_136' title='bbox 687 3453 731 3514; x_wconf 89' lang='lat' dir='ltr'>sit</span> <span class='ocrx_word' id='word_1_137' title='bbox 753 3451 844 3534; x_wconf 91' lang='lat' dir='ltr'>quod</span> <span class='ocrx_word' id='word_1_138' title='bbox 864 3449 959 3514; x_wconf 90' lang='lat' dir='ltr'>locus</span> <span class='ocrx_word' id='word_1_139' title='bbox 977 3449 1033 3513; x_wconf 93' lang='lat' dir='ltr'>ubi</span> <span class='ocrx_word' id='word_1_140' title='bbox 1055 3449 1116 3512; x_wconf 79' lang='lat' dir='ltr'>suit</span> <span class='ocrx_word' id='word_1_141' title='bbox 1139 3469 1218 3512; x_wconf 88' lang='lat' dir='ltr'>arca</span> <span class='ocrx_word' id='word_1_142' title='bbox 1240 3449 1274 3512; x_wconf 93' lang='lat' dir='ltr'>in</span> <span class='ocrx_word' id='word_1_143' title='bbox 1297 3448 1456 3512; x_wconf 85' lang='lat' dir='ltr'>taberna·</span> 
     </span>
     <span class='ocr_line' id='line_1_24' title="bbox 550 3543 1455 3627; baseline -0.003 -19"><span class='ocrx_word' id='word_1_144' title='bbox 550 3545 767 3627; x_wconf 70' lang='lat' dir='ltr'>culo-quia·</span> <span class='ocrx_word' id='word_1_145' title='bbox 785 3547 818 3607; x_wconf 92' lang='lat' dir='ltr'>in</span> <span class='ocrx_word' id='word_1_146' title='bbox 842 3545 901 3608; x_wconf 92' lang='lat' dir='ltr'>illo</span> <span class='ocrx_word' id='word_1_147' title='bbox 924 3545 984 3608; x_wconf 83' lang='lat' dir='ltr'>suit</span> <span class='ocrx_word' id='word_1_148' title='bbox 1008 3544 1096 3619; x_wconf 86' lang='lat' dir='ltr'>Lex,</span> <span class='ocrx_word' id='word_1_149' title='bbox 1117 3544 1315 3626; x_wconf 92' lang='lat' dir='ltr'>principium</span> <span class='ocrx_word' id='word_1_150' title='bbox 1339 3543 1455 3618; x_wconf 91' lang='lat' dir='ltr'>Verbi,</span> 
     </span>
     <span class='ocr_line' id='line_1_25' title="bbox 550 3637 1454 3722; baseline -0.003 -20"><span class='ocrx_word' id='word_1_151' title='bbox 550 3659 651 3722; x_wconf 91' lang='lat' dir='ltr'>super</span> <span class='ocrx_word' id='word_1_152' title='bbox 673 3661 739 3722; x_wconf 89' lang='lat' dir='ltr'>qua</span> <span class='ocrx_word' id='word_1_153' title='bbox 758 3641 1042 3722; x_wconf 89' lang='lat' dir='ltr'>propitiatorium,</span> <span class='ocrx_word' id='word_1_154' title='bbox 1063 3650 1098 3702; x_wconf 90' lang='lat' dir='ltr'>et</span> <span class='ocrx_word' id='word_1_155' title='bbox 1121 3658 1222 3721; x_wconf 90' lang='lat' dir='ltr'>super</span> <span class='ocrx_word' id='word_1_156' title='bbox 1244 3638 1310 3702; x_wconf 92' lang='lat' dir='ltr'>hoc</span> <span class='ocrx_word' id='word_1_157' title='bbox 1333 3637 1454 3702; x_wconf 90' lang='lat' dir='ltr'>cheru-</span> 
     </span>
     <span class='ocr_line' id='line_1_26' title="bbox 549 3731 1455 3816; baseline -0.002 -20"><span class='ocrx_word' id='word_1_158' title='bbox 549 3735 630 3810; x_wconf 93' lang='lat' dir='ltr'>bim,</span> <span class='ocrx_word' id='word_1_159' title='bbox 644 3755 731 3816; x_wconf 87' lang='lat' dir='ltr'>quae</span> <span class='ocrx_word' id='word_1_160' title='bbox 744 3735 857 3796; x_wconf 91' lang='lat' dir='ltr'>omnia</span> <span class='ocrx_word' id='word_1_161' title='bbox 870 3732 1110 3814; x_wconf 83' lang='lat' dir='ltr'>significabant</span> <span class='ocrx_word' id='word_1_162' title='bbox 1126 3733 1309 3796; x_wconf 94' lang='lat' dir='ltr'>Dominum</span> <span class='ocrx_word' id='word_1_163' title='bbox 1322 3740 1360 3795; x_wconf 89' lang='lat' dir='ltr'>ut</span> <span class='ocrx_word' id='word_1_164' title='bbox 1369 3731 1455 3794; x_wconf 92' lang='lat' dir='ltr'>Ver·</span> 
     </span>
     <span class='ocr_line' id='line_1_27' title="bbox 549 3825 1456 3904; baseline -0.001 -13"><span class='ocrx_word' id='word_1_165' title='bbox 549 3825 822 3904; x_wconf 67' lang='lat' dir='ltr'>bum,——[¹¹di6tus</span> <span class='ocrx_word' id='word_1_166' title='bbox 841 3827 939 3892; x_wconf 81' lang='lat' dir='ltr'>suerit</span> <span class='ocrx_word' id='word_1_167' title='bbox 958 3825 1250 3902; x_wconf 70' lang='lat' dir='ltr'>“Sanctuarium,&#39;&#39;</span> <span class='ocrx_word' id='word_1_168' title='bbox 1265 3837 1301 3890; x_wconf 87' lang='lat' dir='ltr'>et</span> <span class='ocrx_word' id='word_1_169' title='bbox 1320 3825 1456 3890; x_wconf 85' lang='lat' dir='ltr'>“Sanc-</span> 
     </span>
     <span class='ocr_line' id='line_1_28' title="bbox 549 3919 874 3986; baseline 0 0"><span class='ocrx_word' id='word_1_170' title='bbox 549 3933 623 3986; x_wconf 92' lang='lat' dir='ltr'>tum</span> <span class='ocrx_word' id='word_1_171' title='bbox 643 3919 874 3986; x_wconf 70' lang='lat' dir='ltr'>Sanbtorum.’&#39;</span> 
     </span>
    </p>

    <p class='ocr_par' dir='ltr' id='par_1_12' title="bbox 405 4015 1456 4102">
     <span class='ocr_line' id='line_1_29' title="bbox 405 4015 1456 4102; baseline -0.004 -20"><span class='ocrx_word' id='word_1_172' title='bbox 405 4031 432 4100; x_wconf 84' lang='grc'>5.</span> <span class='ocrx_word' id='word_1_173' title='bbox 464 4016 565 4101; x_wconf 87' lang='lat' dir='ltr'>Quod</span> <span class='ocrx_word' id='word_1_174' title='bbox 585 4019 689 4082; x_wconf 89' lang='lat' dir='ltr'>etiam</span> <span class='ocrx_word' id='word_1_175' title='bbox 708 4019 786 4082; x_wconf 93' lang='lat' dir='ltr'>inde</span> <span class='ocrx_word' id='word_1_176' title='bbox 805 4019 850 4081; x_wconf 88' lang='lat' dir='ltr'>sit</span> <span class='ocrx_word' id='word_1_177' title='bbox 869 4017 960 4102; x_wconf 89' lang='lat' dir='ltr'>quod</span> <span class='ocrx_word' id='word_1_178' title='bbox 979 4015 1078 4081; x_wconf 92' lang='lat' dir='ltr'>Nova</span> <span class='ocrx_word' id='word_1_179' title='bbox 1098 4015 1350 4098; x_wconf 88' lang='lat' dir='ltr'>Hierosolyma,</span> <span class='ocrx_word' id='word_1_180' title='bbox 1371 4035 1456 4098; x_wconf 88' lang='lat' dir='ltr'>quae</span> 
     </span>
    </p>
   </div>
   <div class='ocr_carea' id='block_1_8' title="bbox 339 4265 1458 4682">
    <p class='ocr_par' dir='ltr' id='par_1_13' title="bbox 339 4265 1458 4393">
     <span class='ocr_line' id='line_1_30' title="bbox 398 4265 1458 4332; baseline -0.005 -14"><span class='ocrx_word' id='word_1_181' title='bbox 398 4269 414 4306; x_wconf 76' lang='grc'><em>*</em></span> <span class='ocrx_word' id='word_1_182' title='bbox 433 4271 662 4332; x_wconf 65' lang='lat' dir='ltr'>[mammonas</span> <span class='ocrx_word' id='word_1_183' title='bbox 677 4279 696 4316; x_wconf 82' lang='lat' dir='ltr'>rr</span> <span class='ocrx_word' id='word_1_184' title='bbox 711 4277 848 4324; x_wconf 72' lang='lat' dir='ltr'>unicorne,</span> <span class='ocrx_word' id='word_1_185' title='bbox 859 4269 993 4330; x_wconf 55' lang='grc' dir='ltr'>μαίων</span> <span class='ocrx_word' id='word_1_186' title='bbox 1001 4273 1059 4315; x_wconf 74' lang='lat' dir='ltr'>sune</span> <span class='ocrx_word' id='word_1_187' title='bbox 1068 4269 1109 4315; x_wconf 68' lang='lat' dir='ltr'>hic</span> <span class='ocrx_word' id='word_1_188' title='bbox 1118 4267 1231 4328; x_wconf 69' lang='lat' dir='ltr'>legendae</span> <span class='ocrx_word' id='word_1_189' title='bbox 1238 4265 1366 4327; x_wconf 41' lang='grc' dir='ltr'>,ἥρωα</span> <span class='ocrx_word' id='word_1_190' title='bbox 1374 4279 1458 4326; x_wconf 78' lang='lat' dir='ltr'>prooe-</span> 
     </span>
     <span class='ocr_line' id='line_1_31' title="bbox 339 4337 793 4393; baseline 0 -7"><span class='ocrx_word' id='word_1_191' title='bbox 339 4341 381 4387; x_wconf 68' lang='grc' dir='ltr'>ἀει</span> <span class='ocrx_word' id='word_1_192' title='bbox 390 4341 422 4386; x_wconf 80' lang='lat' dir='ltr'>ad</span> <span class='ocrx_word' id='word_1_193' title='bbox 431 4339 538 4393; x_wconf 75' lang='lat' dir='ltr'>clericos,</span> <span class='ocrx_word' id='word_1_194' title='bbox 549 4345 573 4384; x_wconf 85' lang='lat' dir='ltr'>et</span> <span class='ocrx_word' id='word_1_195' title='bbox 583 4339 615 4385; x_wconf 75' lang='lat' dir='ltr'>ab</span> <span class='ocrx_word' id='word_1_196' title='bbox 624 4339 661 4384; x_wconf 81' lang='lat' dir='ltr'>his</span> <span class='ocrx_word' id='word_1_197' title='bbox 671 4339 703 4385; x_wconf 81' lang='lat' dir='ltr'>ad</span> <span class='ocrx_word' id='word_1_198' title='bbox 712 4337 793 4386; x_wconf 75' lang='lat' dir='ltr'>laicos.</span> 
     </span>
    </p>

    <p class='ocr_par' dir='ltr' id='par_1_14' title="bbox 339 4403 1456 4536">
     <span class='ocr_line' id='line_1_32' title="bbox 399 4403 1456 4468; baseline -0.006 -12"><span class='ocrx_word' id='word_1_199' title='bbox 399 4411 474 4468; x_wconf 85' lang='lat' dir='ltr'>Quod</span> <span class='ocrx_word' id='word_1_200' title='bbox 491 4409 595 4456; x_wconf 81' lang='lat' dir='ltr'>influens</span> <span class='ocrx_word' id='word_1_201' title='bbox 611 4408 661 4468; x_wconf 84' lang='lat' dir='ltr'>[sit]</span> <span class='ocrx_word' id='word_1_202' title='bbox 677 4409 703 4454; x_wconf 88' lang='lat' dir='ltr'>in</span> <span class='ocrx_word' id='word_1_203' title='bbox 715 4406 850 4454; x_wconf 74' lang='lat' dir='ltr'>fflbomioes</span> <span class='ocrx_word' id='word_1_204' title='bbox 865 4408 907 4466; x_wconf 85' lang='lat' dir='ltr'>qui</span> <span class='ocrx_word' id='word_1_205' title='bbox 924 4407 949 4453; x_wconf 89' lang='lat' dir='ltr'>in</span> <span class='ocrx_word' id='word_1_206' title='bbox 965 4407 1098 4454; x_wconf 83' lang='lat' dir='ltr'>Dominum</span> <span class='ocrx_word' id='word_1_207' title='bbox 1111 4403 1245 4459; x_wconf 60' lang='lat' dir='ltr'>[alermum.</span> <span class='ocrx_word' id='word_1_208' title='bbox 1257 4411 1281 4450; x_wconf 87' lang='lat' dir='ltr'>et</span> <span class='ocrx_word' id='word_1_209' title='bbox 1292 4405 1312 4452; x_wconf 78' lang='lat' dir='ltr'>si</span> <span class='ocrx_word' id='word_1_210' title='bbox 1323 4403 1456 4451; x_wconf 78' lang='lat' dir='ltr'>secuudum</span> 
     </span>
     <span class='ocr_line' id='line_1_33' title="bbox 339 4475 920 4536; baseline -0.005 -12"><span class='ocrx_word' id='word_1_211' title='bbox 339 4477 456 4532; x_wconf 82' lang='lat' dir='ltr'>ordinem,</span> <span class='ocrx_word' id='word_1_212' title='bbox 466 4477 491 4523; x_wconf 87' lang='lat' dir='ltr'>in</span> <span class='ocrx_word' id='word_1_213' title='bbox 501 4477 607 4531; x_wconf 80' lang='lat' dir='ltr'>clericos,</span> <span class='ocrx_word' id='word_1_214' title='bbox 618 4484 642 4523; x_wconf 87' lang='lat' dir='ltr'>et</span> <span class='ocrx_word' id='word_1_215' title='bbox 652 4477 686 4524; x_wconf 87' lang='lat' dir='ltr'>sic</span> <span class='ocrx_word' id='word_1_216' title='bbox 696 4489 739 4536; x_wconf 82' lang='lat' dir='ltr'>per</span> <span class='ocrx_word' id='word_1_217' title='bbox 749 4477 794 4522; x_wconf 82' lang='lat' dir='ltr'>bos</span> <span class='ocrx_word' id='word_1_218' title='bbox 805 4476 829 4521; x_wconf 90' lang='lat' dir='ltr'>in</span> <span class='ocrx_word' id='word_1_219' title='bbox 840 4475 920 4522; x_wconf 74' lang='lat' dir='ltr'>laicos.</span> 
     </span>
    </p>

    <p class='ocr_par' dir='ltr' id='par_1_15' title="bbox 339 4549 1457 4682">
     <span class='ocr_line' id='line_1_34' title="bbox 398 4549 1457 4614; baseline -0.004 -14"><span class='ocrx_word' id='word_1_220' title='bbox 398 4553 602 4614; x_wconf 63' lang='lat' dir='ltr'>munorum</span> <span class='ocrx_word' id='word_1_221' title='bbox 620 4563 638 4600; x_wconf 75' lang='lat' dir='ltr'>a</span> <span class='ocrx_word' id='word_1_222' title='bbox 656 4561 793 4608; x_wconf 69' lang='lat' dir='ltr'>cinnoma,</span> <span class='ocrx_word' id='word_1_223' title='bbox 810 4567 872 4614; x_wconf 77' lang='lat' dir='ltr'>quae</span> <span class='ocrx_word' id='word_1_224' title='bbox 881 4553 990 4614; x_wconf 80' lang='lat' dir='ltr'>fortasse</span> <span class='ocrx_word' id='word_1_225' title='bbox 1007 4553 1041 4600; x_wconf 60' lang='grc' dir='ltr'>ην</span> <span class='ocrx_word' id='word_1_226' title='bbox 1056 4551 1129 4612; x_wconf 61' lang='grc' dir='ltr'>Μαι</span> <span class='ocrx_word' id='word_1_227' title='bbox 1146 4549 1328 4611; x_wconf 72' lang='lat' dir='ltr'>loci.·-]Quod</span> <span class='ocrx_word' id='word_1_228' title='bbox 1345 4549 1457 4610; x_wconf 79' lang='lat' dir='ltr'>[spiritur</span> 
     </span>
     <span class='ocr_line' id='line_1_35' title="bbox 339 4621 900 4682; baseline 0.004 -14"><span class='ocrx_word' id='word_1_229' title='bbox 339 4621 452 4682; x_wconf 60' lang='lat' dir='ltr'>motus]</span> <span class='ocrx_word' id='word_1_230' title='bbox 463 4623 579 4682; x_wconf 74' lang='lat' dir='ltr'>prooedat</span> <span class='ocrx_word' id='word_1_231' title='bbox 588 4636 604 4669; x_wconf 79' lang='grc' dir='ltr'>ι</span> <span class='ocrx_word' id='word_1_232' title='bbox 614 4621 721 4668; x_wconf 85' lang='lat' dir='ltr'>Domino</span> <span class='ocrx_word' id='word_1_233' title='bbox 731 4635 774 4681; x_wconf 77' lang='lat' dir='ltr'>per</span> <span class='ocrx_word' id='word_1_234' title='bbox 784 4621 900 4670; x_wconf 73' lang='lat' dir='ltr'>Verbum.</span> 
     </span>
    </p>
   </div>
   <div class='ocr_carea' id='block_1_9' title="bbox 0 0 1672 5298">
    <p class='ocr_par' dir='ltr' id='par_1_16' title="bbox 0 0 1672 5298">
     <span class='ocr_line' id='line_1_36' title="bbox 0 0 1672 5298; baseline 0 0"><span class='ocrx_word' id='word_1_235' title='bbox 0 0 1672 5298; x_wconf 95' lang='lat' dir='ltr'> </span> 
     </span>
    </p>
   </div>
  </div>
 </body>
</html>
