3322 5298
583 717 634 767 DE
657 717 794 768 121va
816 717 1038 768 TRINITATE.
1332 719 1372 788 57

316 901 346 968 7.
378 883 480 967 Quod
504 886 673 950 Divinitas
703 895 784 950 ante
807 885 969 950 mundum
996 895 1160 961 creatum,
1184 887 1370 952 secundum

255 978 443 1044 Concilium
474 979 663 1044 Nicaenum
690 990 726 1044 et
753 979 915 1044 ecclesias
942 989 1022 1062 post
1049 979 1144 1056 illud,
1167 981 1299 1046 credita
1325 981 1370 1045 sit

253 1084 412 1138 constare
428 1095 473 1138 ex
493 1075 599 1138 tribus
612 1074 776 1150 Personis‚
794 1094 935 1158 quarum
952 1076 1159 1158 unaquaevis
1173 1084 1248 1140 erat
1265 1074 1370 1151 Deus,

253 1179 288 1233 et
308 1171 399 1253 quod
421 1191 442 1233 a
464 1171 571 1253 prima
594 1170 742 1234 Persona
761 1180 845 1234 nata
866 1171 911 1234 sit
933 1171 1095 1245 secunda,
1113 1180 1148 1234 et
1172 1191 1217 1234 ex
1241 1170 1372 1234 duabus

253 1264 318 1328 illis
341 1265 486 1328 exiverit
510 1265 622 1339 tertia,
643 1284 711 1328 non
735 1264 839 1328 modo
862 1273 915 1328 est
938 1285 1039 1346 supra
1066 1263 1280 1330 intellectum
1309 1264 1370 1330 sed

253 1359 357 1422 etiam
373 1369 495 1422 contra
509 1358 615 1432 illum,
627 1368 661 1423 et
679 1357 762 1422 fides
779 1358 945 1440 paradoxi
956 1358 1047 1441 quod
1064 1369 1117 1422 est
1130 1370 1251 1422 contra
1263 1359 1370 1422 ratio·

253 1471 331 1514 nem
347 1449 550 1516 intelleitus.
588 1451 654 1516 Est
670 1451 753 1516 fides
769 1453 803 1516 in
819 1473 885 1534 qua
900 1472 969 1516 non
985 1453 1110 1534 aliquid
1124 1453 1289 1517 ecclesiae
1305 1462 1370 1526 est,

252 1546 313 1610 sed
331 1557 385 1610 est
403 1549 575 1628 persuasio
596 1545 672 1610 salsi
690 1567 776 1628 quae
795 1556 831 1610 et
850 1546 959 1629 qualis
982 1546 1082 1610 detur
1100 1548 1191 1630 apud
1214 1547 1292 1610 illos
1314 1547 1371 1630 qui
1404 1601 1407 1610 .

252 1641 424 1704 insaniunt
454 1642 488 1704 in
518 1641 684 1722 religiosis
697 1663 705 1718 ;
736 1641 796 1704 sed
824 1661 929 1723 usque
958 1641 1111 1704 insanire
1139 1641 1175 1704 in
1201 1640 1371 1723 religiosis

251 1734 305 1798 hic
329 1753 398 1798 non
421 1735 543 1798 dicitur
566 1735 609 1798 de
632 1735 698 1797 illis
725 1736 780 1817 qui
804 1753 872 1796 non
895 1735 1014 1798 vident
1045 1732 1311 1798 contradiEtoria
1335 1744 1371 1804 et

251 1829 422 1892 contraria
438 1827 631 1910 Scripturas
650 1827 785 1902 Sacrae,
799 1839 835 1892 et
849 1839 966 1892 tamen
980 1829 1122 1893 credunt
1140 1829 1197 1895 illa
1210 1851 1217 1906 ;
1242 1830 1289 1892 ita
1302 1848 1370 1892 non

251 1921 294 1986 de
318 1921 472 1986 Concilio
495 1922 659 1998 Nicaeno,
684 1941 745 1986 nec
774 1923 817 1987 de
846 1923 1000 1987 ecclesiis
1023 1933 1103 2007 post
1126 1923 1209 1986 illud
1232 1923 1276 1987 ab
1299 1922 1370 2000 illo,

251 2017 328 2100 quia
347 2036 416 2080 non
432 2017 598 2081 viderunt.

589 2533 749 2600 carus
776 2533 1033 2616 QUARTUM.

252 2769 365 2854 Quoo
395 2771 582 2835 Tmmrns
610 2771 682 2834 Dar
712 2784 804 2835 ross
834 2783 1003 2835 nuuoun
1031 2783 1215 2834 cnnnruu
1245 2781 1372 2833 rncrn

377 2879 447 2940 εῖτ,
471 2879 519 2930 er
549 2878 793 2930 ncrunuran
821 2878 861 2928 m
886 2877 1147 2928 passurumne
1168 2875 1370 2938 TEMPORIS,

379 2973 428 3024 ar
450 2973 612 3025 runem
637 2960 720 3022 Dso
744 2959 984 3036 lucanum,
1010 2972 1074 3036 Qur
1093 2971 1162 3022 ass
1181 2957 1370 3034 Donamus

379 3052 586 3118 Snuvnron
603 3053 713 3136 Jusus
732 3053 932 3118 Cunrsrus

317 3251 342 3298 1.
375 3233 476 3316 Quod
495 3235 647 3299 Trinitas
666 3235 730 3299 Dei
749 3245 831 3299 ante
854 3235 1018 3298 mundum
1041 3243 1193 3298 creatum
1217 3252 1285 3297 non
1309 3253 1372 3297 ex·

253 3331 390 3405 stiterit,
408 3349 470 3394 nec
494 3331 644 3413 potuerit
666 3331 840 3406 existere;
864 3339 938 3393 tum
962 3329 1052 3412 quod
1075 3330 1144 3392 sint
1166 3329 1232 3392 tria
1255 3349 1371 3392 essen-

250 3424 346 3487 tialia
359 3425 456 3487 unius
469 3423 638 3488 Personae
651 3425 685 3486 in
699 3423 774 3488 Deo
789 3424 950 3499 Homine,
963 3445 1008 3487 ex
1024 3423 1144 3506 quibus
1157 3423 1373 3506 praedicatur

251 3517 402 3582 Trinitas
421 3518 496 3592 Dei,
514 3539 615 3600 supra
630 3527 808 3582 ostensum
825 3528 889 3582 est.

314 3628 343 3675 2.
375 3610 476 3693 Quod
500 3611 594 3676 Deus
620 3621 658 3676 ut
682 3611 834 3676 Verbum
861 3615 895 3676 in
926 3611 1089 3676 mundum
1113 3612 1255 3686 venerit,
1280 3612 1372 3674 etin

252 3705 360 3770 Maria
384 3705 528 3788 Virgine
553 3707 774 3788 assumpserit
800 3706 1007 3780 Humanum,
1032 3716 1067 3768 et
1090 3705 1181 3788 quod
1209 3703 1372 3770 Sandtum

250 3801 329 3864 inde
352 3809 473 3863 natum
496 3801 540 3863 sit
560 3809 720 3863 vocatum
742 3800 877 3863 “Filius
902 3799 1103 3875 Altissimi,”
1119 3799 1253 3863 “Filius
1278 3799 1372 3876 Dei,''

252 3894 388 3957 “Filius
410 3893 647 3975 Unigenitus,”
665 3913 710 3956 ex
734 3893 851 3957 Verbo
874 3893 995 3957 Veteri
1019 3894 1074 3956 ubi
1097 3894 1311 3976 praedicitur,
1336 3904 1373 3957 et

250 4008 294 4052 ex
315 3985 433 4052 Verbo
451 3985 552 4050 Novo
571 3987 626 4052 ubi
644 3987 856 4063 describitur,
875 3997 995 4052 notum
1011 3997 1075 4052 est.

315 4097 343 4162 3.
375 4080 461 4146 Cum
480 4083 596 4164 itaque
620 4081 713 4145 Deus
731 4081 941 4156 Altissimus,
959 4082 1015 4164 qui
1030 4091 1084 4146 est
1103 4081 1215 4156 Pater,
1232 4101 1292 4164 per
1311 4081 1371 4145 Di-

250 4177 366 4240 vinum
385 4195 482 4239 suum
503 4175 702 4258 procedens,
720 4176 811 4258 quod
830 4185 884 4242 est
901 4175 1045 4256 Spiritus
1063 4174 1218 4251 Sanitus,
1239 4177 1272 4240 in
1292 4175 1371 4240 Vir·

251 4271 331 4352 gine
350 4269 458 4334 Maria
481 4271 640 4352 concepit
664 4269 872 4342 Humanum,
889 4271 1041 4353 sequitur
1058 4272 1149 4353 quod
1173 4269 1372 4336 Humanum

249 4385 295 4428 ex
309 4365 536 4446 conceptione
548 4363 607 4426 illa
622 4373 741 4428 natum
757 4365 803 4428 sit
822 4364 938 4438 Filius,
949 4374 986 4428 et
1003 4365 1161 4428 Divinum
1174 4365 1371 4445 concipiens

249 4459 296 4522 sit
315 4458 426 4534 Pater,
445 4468 480 4523 et
497 4457 588 4541 quod
608 4467 787 4541 utrumque
806 4457 906 4522 simul
924 4459 969 4522 sit
988 4457 1154 4522 Dominus
1177 4457 1271 4528 Deus
1294 4455 1371 4522 Sal·

251 4561 351 4616 vator
367 4551 465 4634 Jesus
482 4551 650 4627 Christus,
668 4551 762 4614 Deus
778 4560 813 4614 et
831 4551 958 4614 Homo.

310 4663 342 4727 4
375 4645 533 4729 Sequitur
547 4646 653 4710 etiam
668 4645 759 4728 quod
779 4645 939 4709 Divinum
949 4643 1089 4722 Verum,
1106 4645 1198 4729 quod
1213 4655 1268 4710 est
1281 4643 1371 4711 Ver·
