3322 5298
555 695 606 746 DE
628 695 765 746 DIVINA
788 695 1009 749 TRINITATE·
1040 717 1044 728 ·
1304 699 1342 766 53

435 883 535 944 neme
565 875 825 948 consequenter,
850 867 911 930 nisi
935 867 1044 948 ipsum
1068 866 1228 932 Divinum
1251 868 1342 950 quod

435 969 578 1024 vocatur
595 961 695 1026 Pater
713 961 757 1024 sit
777 961 900 1036 anima,
920 961 1116 1026 Humanum
1135 961 1226 1043 quod
1239 981 1342 1025 voca·

435 1063 490 1116 tur
507 1053 612 1116 Filius
628 1055 673 1118 sit
692 1074 814 1136 corpus
832 1055 977 1130 animae,
991 1052 1054 1120 1¹¹et
1071 1053 1216 1138 Spiritus
1235 1054 1342 1118 Sanc-

433 1157 488 1212 tus
508 1150 552 1213 sit
571 1149 728 1230 operatio
747 1149 947 1230 procedens.

287 1256 315 1304 2.
348 1239 449 1323 Quod
472 1243 549 1306 ideo
568 1245 601 1306 in
619 1243 776 1307 Ecclesia
794 1242 989 1308 Christiana
1008 1243 1115 1306 ubivis
1134 1255 1343 1326 agnoscatur

435 1337 526 1419 quod
544 1338 578 1400 in
597 1337 736 1402 Christo
759 1337 852 1400 Deus
875 1347 911 1402 et
931 1337 1057 1412 Homo,
1078 1337 1143 1401 hoc
1163 1349 1227 1414 est,
1249 1339 1343 1402 Divi·

436 1451 516 1494 num
533 1443 570 1495 et
591 1431 798 1506 Humanum,
812 1433 880 1495 sint
901 1451 967 1496 una
987 1432 1145 1508 Persona,
1160 1435 1247 1496 sicut
1266 1436 1340 1496 ani·

435 1545 491 1588 ma
513 1535 548 1590 et
572 1546 695 1608 corpus
717 1527 751 1590 in
774 1526 923 1590 homine.
969 1525 1046 1590 Hoc
1070 1529 1268 1608 agnoscitur
1298 1529 1342 1591 ibi

435 1641 480 1683 ex
499 1619 665 1701 Symbolo
684 1620 879 1684 Athanasii.

288 1729 316 1793 3.
347 1711 460 1795 Quare
486 1715 542 1797 qui
569 1715 749 1797 cognoscit
772 1717 931 1779 unionem
954 1715 1088 1778 animae
1116 1725 1152 1781 et
1180 1718 1340 1798 corporis.

436 1827 475 1872 ac
498 1809 579 1873 inde
596 1810 845 1890 operationem,
864 1811 1045 1890 cognoscit
1069 1809 1276 1873 Trinitatem
1307 1821 1342 1874 et

434 1904 534 1967 simul
552 1903 734 1968 Unitatem
755 1904 830 1978 Dei,
850 1905 884 1966 in
907 1905 1054 1985 quadarn
1074 1904 1201 1966 umbra.

286 2013 316 2074 4.
348 1993 450 2078 Quod
472 1997 652 2061 rationalis
674 1997 777 2060 homo
800 1998 898 2071 sciat,
920 1998 1087 2060 autscire
1111 1999 1230 2079 possit,
1250 1999 1341 2080 quod

433 2093 547 2154 anima
563 2090 621 2154 filii
640 2093 683 2155 sit
703 2113 748 2155 ex
765 2101 873 2173 patre,
886 2101 921 2154 et
933 2091 1025 2173 quod
1041 2092 1155 2154 anima
1173 2092 1292 2155 induat
1306 2111 1343 2156 se

435 2205 577 2267 corpore
589 2186 623 2248 in
641 2195 738 2248 utero
751 2187 880 2259 matris,
893 2195 927 2248 et
943 2185 1034 2267 quod
1047 2195 1169 2267 postea
1185 2206 1230 2248 ex
1248 2195 1341 2250 utro·

434 2299 499 2361 que
518 2280 682 2362 procedat
698 2279 809 2342 omnis
827 2279 991 2360 operatio.

290 2385 317 2453 5.
348 2369 450 2453 Quod
476 2375 532 2456 qui
559 2374 623 2436 scit
651 2373 810 2436 unionem
833 2373 967 2436 animae
989 2382 1024 2436 et
1053 2374 1214 2453 corporis,
1237 2374 1342 2436 etiam

435 2469 533 2542 sciat,
554 2477 613 2530 aut
632 2468 718 2530 scire
741 2467 860 2549 possit,
881 2466 971 2549 quod
991 2465 1062 2530 vita
1084 2468 1218 2530 animae
1241 2469 1285 2530 sit
1309 2470 1343 2530 in

436 2581 588 2644 corpore,
603 2572 638 2624 et
649 2562 739 2643 quod
752 2561 799 2624 sic
813 2562 884 2624 vita
897 2561 1047 2643 corporis
1061 2561 1105 2623 sit
1116 2562 1187 2623 vita
1199 2561 1342 2625 animae.

286 2653 316 2716 6.
348 2652 618 2738 Consequenter,
639 2655 729 2738 quod
747 2656 861 2717 anima
877 2655 981 2730 vivat,
1000 2654 1141 2736 proinde
1161 2655 1288 2718 sentiat
1308 2665 1343 2719 et

435 2761 604 2832 operetur,
616 2751 648 2812 in
661 2769 803 2832 corpore
820 2759 855 2812 et
869 2769 913 2812 ex
927 2768 1067 2830 corpore
1080 2769 1088 2826 ;
1101 2759 1137 2812 et
1160 2749 1250 2831 quod
1267 2769 1342 2812 cor-

436 2865 498 2926 pus
521 2845 626 2920 vivat,
646 2845 786 2920 sentiat,
806 2853 842 2908 et
869 2852 1028 2925 operetur
1054 2863 1100 2906 ex
1128 2863 1164 2906 se
1190 2843 1270 2905 dum
1298 2863 1343 2906 ex

436 2939 560 3002 anima.

286 3047 316 3112 7.
348 3029 450 3114 Quod
473 3034 538 3096 hoc
561 3033 605 3096 sit
629 3033 707 3116 quia
729 3033 843 3096 omnia
865 3032 999 3095 animae
1023 3041 1102 3095 sunt
1125 3031 1286 3114 corporis
1307 3043 1342 3094 et

437 3129 551 3191 omnia
573 3129 725 3210 corporis
748 3137 827 3191 sunt
850 3127 1008 3205 animae;
1032 3125 1110 3190 inde
1129 3135 1165 3190 et
1188 3145 1257 3190 non
1280 3125 1343 3190 ali·

437 3222 527 3286 unde
546 3231 599 3285 est
617 3223 697 3285 unio
714 3221 859 3284 illorum.

288 3316 316 3378 8.
348 3313 450 3397 Quod
480 3317 584 3380 modo
610 3316 811 3398 apparentia
844 3315 888 3378 sit
921 3314 1011 3396 quod
1042 3315 1155 3378 anima
1184 3324 1344 3397 operetur

434 3411 630 3493 separatim,
644 3431 665 3473 a
679 3430 716 3473 se
729 3429 920 3492 percorpus
932 3429 942 3487 ;
964 3428 1041 3474 cum
1055 3418 1172 3474 tamen
1184 3418 1344 3491 operatur

435 3505 469 3567 in
487 3525 629 3586 corpore
648 3513 684 3568 et
703 3525 749 3567 ex
767 3523 920 3586 corpore.

286 3615 316 3679 9.
349 3595 450 3679 Quod
469 3619 514 3662 ex
538 3599 590 3662 his
608 3598 713 3662 homo
729 3597 916 3672 rationalis,
936 3598 992 3680 qui
1011 3597 1252 3663 commercium
1270 3599 1344 3660 ani·

436 3713 513 3757 mae
540 3704 575 3758 et
603 3693 753 3775 corporis
783 3694 889 3766 novit,
915 3693 1024 3774 possit
1053 3691 1344 3774 comprehendere

435 3788 519 3852 haec
538 3787 677 3852 Domini
692 3787 797 3851 verba
808 3785 963 3870 t-Quod
978 3788 1079 3852 Pater
1091 3797 1127 3854 et
1145 3785 1224 3868 Ipse
1241 3805 1343 3850 unum

436 3884 504 3946 sint
520 3903 528 3961 ;
553 3881 644 3966 quod
660 3883 776 3946 omnia
794 3881 904 3945 Patris
923 3901 983 3944 sua
999 3882 1079 3956 sint,
1097 3891 1133 3944 et
1150 3879 1265 3942 omnia
1283 3899 1343 3942 sua

437 3975 566 4052 Patris;
592 3975 682 4058 quod
706 3976 822 4039 omnia
846 3975 955 4038 Patris
979 3975 1023 4038 ad
1048 3974 1164 4056 Ipsum
1182 3973 1341 4045 veniant;

435 4071 527 4154 quod
541 4071 641 4134 Pater
652 4071 785 4134 dederit
801 4071 916 4132 omnia
929 4071 963 4132 in
980 4088 1117 4132 manum
1131 4067 1206 4130 Filii
1219 4088 1227 4145 ;
1251 4067 1342 4149 quod

435 4167 522 4230 sicut
536 4165 636 4228 Pater
649 4175 808 4248 operatur
817 4165 921 4228 etiam
934 4163 1039 4228 Filius
1052 4172 1211 4246 operetur
1223 4183 1231 4240 ;
1251 4161 1342 4244 quod

435 4261 491 4344 qui
506 4259 601 4323 videt
617 4269 653 4324 et
683 4259 863 4341 cognoscit
889 4257 1011 4321 Filium
1034 4259 1139 4322 etiam
1163 4257 1280 4320 videat
1308 4267 1343 4319 et

435 4362 626 4438 cognoscat
639 4353 775 4417 Patrem
787 4373 795 4430 ;
815 4353 906 4435 quod
919 4353 975 4436 qui
988 4371 1090 4416 unum
1106 4361 1185 4416 sunt
1196 4353 1230 4416 in
1244 4351 1342 4424 Filio,

434 4468 537 4512 unum
557 4449 625 4511 sint
644 4447 678 4511 in
698 4447 820 4524 Patre;
843 4447 935 4528 quod
955 4465 1056 4509 nemo
1069 4445 1190 4510 viderit
1207 4447 1342 4510 Patrem

435 4543 498 4606 nisi
516 4541 632 4618 Filius,
646 4541 702 4625 qui
720 4543 754 4604 in
773 4541 848 4604 sinu
866 4540 975 4604 Patris
991 4549 1055 4614 est,
1071 4539 1192 4622 [etqui
1209 4541 1341 4623 Ipsum]

435 4637 616 4720 exposuit;
650 4635 741 4718 quod
772 4634 874 4698 Pater
900 4635 934 4697 in
963 4633 1052 4698 Filio
1081 4635 1137 4710 sit,
1168 4644 1204 4700 et
1235 4635 1340 4698 Filius
