3322 5298
290 631 333 696 66
565 644 741 696 cnnouss
763 646 893 701 novas
916 647 1132 698 scenasrns.
1175 691 1177 698 .

291 813 403 898 eloqui
422 815 510 879 sicut
529 815 706 897 cogitant;
731 824 811 879 tunc
831 816 909 900 quia
924 815 1092 898 cogitatio
1109 825 1145 880 et
1164 813 1300 900 loquela
1319 817 1410 900 apud

290 908 368 972 illos
387 910 442 992 qui
461 909 494 971 in
515 909 642 971 mundo
658 909 822 991 spirituali
843 929 944 974 unum
960 919 1078 992 agunt,
1096 909 1301 1001 eloquuntur
1316 911 1411 974 clara

291 1022 375 1067 voce
392 1013 461 1066 tres
475 1003 572 1066 Deos.
617 1003 707 1065 Dum
724 1001 864 1066 ulterius
880 1005 1134 1086 interrogantur
1150 1004 1193 1068 de
1211 1003 1271 1067 illa
1288 1003 1411 1080 fide,-

291 1117 372 1160 num
391 1097 502 1160 sciunt
521 1097 656 1178 signum
676 1097 746 1179 ejus
765 1098 845 1161 chrm
864 1098 982 1174 intrat,
1000 1109 1036 1161 et
1055 1118 1135 1161 num
1159 1099 1294 1180 signum
1317 1101 1409 1183 quod

290 1192 646 1273 insit—respondent,
672 1189 792 1272 “Quid
819 1201 878 1255 est
900 1193 1034 1274 signum
1061 1192 1169 1255 scire?
1213 1193 1324 1257 Estne
1349 1193 1411 1258 illa

290 1305 336 1348 ex
358 1284 588 1367 beneplacito,
608 1305 654 1350 ex
677 1283 845 1350 clettione
869 1285 957 1349 illius
981 1287 1078 1348 unius
1101 1286 1177 1360 Dei,
1197 1296 1234 1350 et
1257 1287 1340 1350 nihil
1363 1309 1409 1352 ex

290 1379 428 1442 homine
444 1379 492 1442 illi
507 1380 702 1443 immixtum
714 1389 768 1444 est
781 1379 810 1442 ?''
854 1379 944 1443 Dum
960 1381 1215 1462 interrogantur
1228 1399 1307 1444 num
1324 1381 1409 1445 fides

290 1473 482 1555 illa-quia
498 1473 671 1556 applicata
687 1474 806 1547 tribuS,
823 1475 922 1537 etsie
939 1475 972 1537 in
989 1483 1060 1538 tres
1079 1473 1182 1550 Deos,
1196 1483 1232 1538 et
1249 1475 1351 1538 homo
1374 1477 1409 1538 in

291 1567 442 1648 plenaria
471 1568 666 1649 ignorantia
694 1567 737 1631 de
765 1567 824 1631 illa
850 1569 1005 1642 est-sit
1032 1568 1169 1651 aliquid,
1198 1569 1409 1652 respondent

291 1662 382 1745 quod
406 1682 473 1725 non
498 1661 601 1726 modo
624 1663 669 1726 sit
692 1661 830 1745 aliquid,
850 1662 911 1726 sed
935 1681 1037 1726 omne
1059 1662 1225 1726 ecclesiae
1248 1672 1284 1727 et
1307 1683 1410 1726 omne

292 1755 422 1818 salutis.
468 1754 503 1820 Si
518 1757 774 1838 interrogantur
786 1775 866 1818 num
886 1757 930 1819 sit
947 1755 1126 1838 possibilis,
1141 1757 1184 1819 ad
1200 1756 1265 1820 hoc
1285 1757 1408 1820 rident.

293 1849 345 1913 De
372 1848 540 1914 charitate
562 1851 772 1932 respondent
794 1850 885 1932 quod
908 1851 954 1913 sit
976 1849 1031 1914 ubi
1058 1849 1117 1912 illa
1139 1849 1234 1926 fides,
1258 1860 1294 1914 et
1317 1851 1409 1932 quod

292 1943 335 2005 ab
353 1943 417 2006 hac
437 1945 481 2006 sit
498 1954 657 2026 separata
672 1953 707 2008 et
724 1945 940 2026 inseparata;
964 1954 1000 2007 et
1020 1945 1111 2026 quod
1130 1945 1177 2008 sic
1197 1943 1240 2007 ad
1259 1943 1408 2007 salutem

292 2037 456 2113 conferat,
473 2047 508 2102 et
528 2057 597 2101 non
616 2038 780 2102 conserat.

358 2147 384 2213 5.
416 2133 505 2195 Dum
520 2132 595 2195 laici
612 2133 868 2213 interrogantur
883 2131 926 2196 de
940 2131 1026 2208 Deo,
1038 2134 1081 2196 de
1097 2131 1173 2208 fide,
1185 2141 1221 2196 et
1240 2133 1282 2196 de
1298 2131 1409 2196 chari·

294 2235 379 2300 tate,
396 2246 505 2309 paene
524 2225 606 2288 nihil
630 2227 753 2300 sciunt,
772 2235 907 2308 praeter
925 2226 1016 2309 quod
1040 2228 1138 2309 pauci
1161 2227 1273 2308 aliqua
1291 2227 1409 2308 aenig-

293 2329 386 2384 mata
405 2341 449 2384 ex
469 2319 571 2396 clero,
589 2339 675 2402 quae
694 2329 821 2384 vocant
840 2318 938 2398 fidei;
961 2341 1048 2403 quae
1066 2321 1100 2384 in
1119 2339 1245 2402 genere
1263 2329 1354 2396 sunt,
1371 2329 1410 2383 ut

293 2415 492 2478 misereatur
523 2415 616 2478 Deus
650 2414 751 2478 Pater
780 2423 921 2496 propter
951 2414 1028 2477 Filii
1057 2415 1107 2477 sui
1137 2415 1341 2497 passionem,
1371 2423 1410 2478 ut

292 2510 446 2572 remittet
465 2518 609 2589 peccata
624 2517 659 2572 et
673 2505 846 2588 justificet.

354 2603 385 2665 6.
417 2601 507 2664 Dum
531 2601 566 2664 hi
589 2611 624 2666 et
647 2602 696 2665 illi
718 2601 953 2684 explorantur,
977 2621 1057 2665 num
1084 2601 1210 2686 aliquid
1238 2601 1313 2676 Dei,
1332 2601 1411 2666 fidei

292 2707 328 2761 et
344 2697 521 2760 charitatis
535 2699 568 2759 in
582 2717 618 2760 se
634 2696 795 2771 habeant,
805 2697 1087 2760 animadvertitur
1098 2697 1189 2779 quod
1203 2697 1286 2760 nihil
1299 2717 1306 2775 ;
1326 2717 1409 2761 con-

293 2802 475 2875 sequenter
491 2792 572 2856 nihil
589 2791 686 2867 caeli,
703 2791 879 2867 ecclesiae,
897 2801 934 2855 et
949 2791 1086 2866 salutis,
1097 2791 1207 2854 solum
1223 2792 1312 2874 apud
1331 2791 1409 2856 illos

293 2888 349 2970 qui
371 2887 462 2950 bona
484 2886 635 2950 fecerant
659 2907 703 2950 ex
727 2885 902 2968 religione,
926 2888 1004 2970 quia
1026 2887 1060 2950 hi
1083 2885 1299 2968 receptibiles
1329 2895 1409 2949 sunt

293 2981 370 3045 fidei
389 2982 422 3044 in
442 2981 626 3044 Dominum
647 2980 756 3044 Deum
776 2979 990 3044 Salvatorem
1009 2981 1043 3043 in
1063 2981 1189 3043 mundo
1212 2979 1386 3062 spirituali.

357 3091 385 3157 7.
418 3075 475 3138 Ex
498 3077 613 3158 paucis
636 3075 703 3138 illis
722 3095 823 3157 supra
845 3075 970 3150 allatis,
990 3085 1087 3157 patet
1105 3075 1195 3138 unde
1213 3085 1267 3138 est
1289 3076 1410 3156 ingens

293 3169 351 3234 illa
372 3167 536 3233 “affirmo
554 3189 640 3251 quae
663 3169 708 3232 ab
729 3169 826 3232 initio
849 3170 965 3232 mundi
988 3188 1057 3232 non
1080 3169 1152 3244 luit,
1173 3187 1235 3232 nec
1258 3168 1352 3243 erit,’'
1370 3179 1407 3232 et

294 3265 382 3328 unde
401 3263 460 3327 illa
477 3264 717 3327 “abominatio
732 3263 984 3338 desolationis,”
996 3281 1079 3346 quas
1096 3263 1263 3326 Dominus
1280 3262 1409 3326 suturas

294 3361 328 3422 in
346 3358 412 3423 fine
431 3358 606 3433 ecclesiae,
624 3359 679 3442 qui
696 3359 798 3421 hodie
816 3365 881 3431 est,
900 3358 1080 3439 praedixit.

358 3454 386 3515 8.
418 3451 519 3533 Quod
542 3451 621 3515 talis
644 3449 781 3516 afflictio
799 3451 843 3514 ab
865 3451 962 3515 initio
985 3452 1101 3515 mundi
1125 3469 1192 3515 non
1215 3451 1324 3526 fuerit,
1345 3471 1408 3516 nec

295 3547 417 3620 sutura,
434 3555 487 3609 est
506 3547 583 3628 quia
598 3545 728 3610 Gentes
746 3555 782 3609 et
801 3546 863 3628 ipsi
880 3545 999 3627 Judaei
1023 3547 1265 3628 ignoraverunt
1289 3545 1409 3609 Domi·

296 3661 375 3705 num
395 3640 505 3704 Deum
525 3639 738 3704 Salvatorem
761 3650 799 3704 ut
823 3639 971 3704 Fontem
995 3641 1114 3704 salutis
1126 3661 1134 3719 ;
1157 3649 1193 3704 et
1216 3641 1412 3723 ignorantia

295 3745 458 3800 excusat:
483 3735 583 3798 aliter
600 3755 683 3798 vero
701 3733 884 3798 Christiani
900 3743 979 3816 post
994 3735 1181 3798 adventum
1202 3733 1323 3816 Ipsius,
1336 3735 1411 3818 qui·

295 3831 357 3894 bus
376 3829 441 3893 hoc
461 3830 493 3892 in
513 3827 631 3893 Verbo
649 3829 821 3914 utriusque
840 3827 1057 3892 Testamenti
1075 3825 1248 3892 detectum
1265 3837 1329 3893 est.
