3322 5298
619 638 670 690 ue
689 621 972 691 nsoanrnofls.
1313 645 1352 712 33

449 806 577 890 caliget
593 808 627 872 in
639 809 738 885 veris,
752 817 788 874 et
805 807 908 873 cadat
924 809 958 874 in
974 807 1059 874 salsa
1074 809 1162 876 sicut
1179 829 1301 876 caecus
1320 813 1353 874 in

449 903 574 966 foveas.

301 1011 330 1078 7.
362 994 464 1079 Quod
481 1006 627 1081 quatuor
638 997 835 1062 essentialia
846 997 1012 1064 ecclesiae
1024 999 1093 1062 sint
1106 1001 1260 1082 cognitio
1278 1001 1352 1072 Dei,

449 1092 602 1174 cognitio
614 1093 780 1156 bonorum
797 1091 986 1170 charitatis,
1001 1095 1155 1176 cognitio
1169 1097 1353 1160 veritatum

448 1183 537 1261 fidei,
554 1206 594 1250 ac
610 1189 682 1250 vita
700 1187 887 1251 secundum
905 1187 974 1252 illa.

302 1280 331 1344 8.
363 1277 464 1362 Quod
494 1299 571 1344 cum
601 1280 747 1345 ecclesia
775 1302 795 1344 a
828 1281 997 1347 charitate
1026 1283 1166 1358 recedit,
1199 1285 1303 1348 etiarn
1334 1304 1354 1347 a

449 1385 594 1459 quatuor
605 1375 672 1440 illis
683 1375 823 1441 recedat
836 1397 844 1455 ;
862 1386 898 1441 et
911 1377 1002 1460 quod
1015 1387 1097 1442 tunc
1110 1378 1195 1442 salsa
1207 1380 1249 1442 de
1267 1379 1352 1454 Deo,

450 1470 493 1533 de
509 1469 690 1546 charitate,
708 1471 750 1534 de
770 1469 846 1546 fide,
866 1480 902 1535 et
921 1472 965 1535 de
985 1471 1080 1535 cultu
1099 1472 1252 1536 influant.

302 1580 332 1644 9.
363 1560 465 1645 Quod
484 1564 569 1628 haec
589 1564 730 1628 influant
749 1565 781 1628 in
802 1564 968 1630 ecclesiae
987 1565 1160 1648 primates,
1180 1575 1216 1630 et
1239 1567 1284 1630 ab
1301 1566 1354 1630 his

449 1658 483 1721 in
502 1657 676 1740 populurn,
696 1661 784 1723 sicut
804 1679 825 1723 a
847 1660 960 1742 capite
979 1661 1012 1723 in
1032 1679 1164 1742 corpus.

286 1767 332 1816 10.
365 1750 466 1834 Quod
497 1752 582 1817 falsa
611 1754 645 1816 in
676 1755 838 1836 primates
868 1754 1021 1830 influant,
1046 1765 1082 1819 et
1108 1775 1129 1818 a
1155 1755 1355 1838 primatibus

451 1846 602 1922 effluant,
624 1849 693 1912 sint
716 1848 816 1912 binae
839 1867 980 1928 causac;
1009 1869 1075 1912 una
1098 1858 1151 1913 est
1174 1869 1270 1913 amor
1292 1851 1354 1914 do·

450 1942 602 2005 minandi
624 1963 669 2006 ex
693 1962 808 2006 amore
831 1943 891 2018 sui,
915 1942 1025 2007 altera
1048 1953 1101 2007 est
1125 1944 1355 2027 intelligentia

451 2057 496 2100 ex
509 2037 644 2119 proprio
659 2047 695 2101 et
715 2057 783 2101 non
803 2047 848 2100 ert
868 2036 1041 2120 Scriptura
1060 2036 1173 2102 Sacra.

287 2143 333 2194 11.
365 2127 466 2212 Quod
490 2140 571 2195 tunc
591 2151 636 2195 ex
655 2151 723 2195 uno
745 2131 830 2196 salso
853 2131 1021 2214 profluant
1039 2131 1124 2196 falsa
1141 2133 1175 2196 in
1194 2133 1356 2197 continua

451 2227 547 2300 serie,
567 2235 603 2291 et
622 2225 687 2290 hoc
707 2245 812 2309 usque
830 2225 911 2288 dum
930 2225 1012 2288 nihil
1031 2227 1101 2290 veri
1120 2237 1285 2308 superest.

288 2333 333 2382 12.
366 2315 467 2401 Quod
492 2318 666 2402 Scriptura
687 2317 801 2396 Sacra,
819 2319 899 2384 durn
919 2319 977 2383 illa
999 2319 1191 2402 applicatur
1206 2321 1249 2383 ad
1273 2339 1355 2384 con·

452 2411 672 2488 firmationes,
704 2425 786 2479 tunc
817 2414 975 2478 totaliter
995 2413 1210 2491 falsificetur,
1241 2423 1277 2480 et
1308 2415 1355 2478 sic

451 2507 597 2572 ecclesia
615 2519 743 2592 pereat.

569 2875 727 2942 CAPUT
750 2875 1027 2942 SECUNDUM.

245 3065 356 3150 Quou
372 3083 452 3134 run
470 3069 576 3133 F1N1s
592 3069 804 3134 Eccunsrne
817 3066 1358 3146 1¹¹1usrnroununono‘rsur1n

370 3168 1357 3228 unmranrncsnmcrnrvnusnnsuranroranrrnrs

370 3270 462 3323 nour
481 3271 551 3322 ran
570 3271 683 3334 vunn,
704 3271 745 3321 1n
765 3270 902 3322 nunno
921 3272 1140 3336 unrunnm
1177 3271 1224 3321 ΕΤ
1243 3270 1358 3322 srnuu

369 3365 470 3417 nuuc
486 3365 678 3416 eorunm
691 3365 850 3416 masam
865 3365 984 3418 sunna
996 3365 1219 3417 rorsurnuu
1232 3365 1356 3415 canui.

307 3547 331 3598 1.
366 3531 468 3616 Quod
496 3535 607 3598 omnis
636 3530 741 3599 homo
768 3544 847 3618 post
878 3543 1024 3598 mortem
1055 3535 1171 3598 veniat
1198 3535 1231 3597 in
1262 3551 1358 3596 suurn

455 3629 581 3693 bonum
604 3639 640 3693 et
666 3630 745 3693 inde
767 3649 895 3704 verum,
919 3630 952 3692 in
979 3645 1046 3712 quo
1069 3628 1129 3692 suit
1153 3630 1186 3692 in
1210 3628 1358 3704 mundo;

455 3723 612 3787 similiter
629 3724 663 3786 in
683 3742 779 3786 suum
800 3723 926 3786 malurn
946 3733 982 3788 et
1003 3723 1082 3787 inde
1101 3721 1232 3786 salsum.

303 3833 333 3881 2.
362 3814 463 3900 Quod
482 3819 538 3900 qui
557 3819 590 3880 in
609 3817 701 3881 bono
719 3826 754 3881 et
772 3817 851 3881 inde
869 3837 950 3880 vero
969 3825 1059 3893 sunt,
1080 3818 1208 3880 intrent
1228 3817 1261 3878 in
1280 3835 1358 3880 cae·

455 3912 548 3991 lum;
582 3923 619 3976 et
637 3913 692 3995 qui
721 3914 755 3976 in
778 3911 869 3976 malo
892 3920 928 3976 et
956 3912 1035 3976 inde
1057 3911 1152 3986 salso,
1173 3911 1302 3974 intrent
1326 3911 1359 3974 in

455 4007 630 4071 infernum.

310 4116 338 4182 3.
364 4096 465 4182 Quod
484 4099 533 4164 illi
552 4103 608 4184 qui
626 4101 659 4164 in
678 4101 771 4164 bono
789 4109 869 4164 sunt
887 4101 920 4164 in
937 4100 1045 4175 terris,
1062 4099 1202 4163 interius
1222 4100 1255 4162 in
1271 4099 1359 4163 veris

456 4197 546 4274 sint3
574 4204 609 4258 et
640 4197 667 4258 si
697 4197 731 4259 in
754 4194 857 4271 salsis,
876 4215 981 4279 usque
1006 4203 1086 4278 post
1116 4203 1261 4258 mortem
1279 4214 1359 4257 vera

455 4290 548 4354 bono
574 4310 635 4353 suo
651 4289 837 4353 conformia
859 4289 1043 4372 recipiant:
1068 4297 1189 4352 contra
1206 4307 1288 4351 vero
1311 4287 1359 4350 illi

456 4385 511 4468 qui
530 4385 564 4448 in
583 4383 690 4447 malis.
736 4381 847 4448 Causa
862 4391 916 4447 est
935 4383 1013 4466 quia
1031 4381 1157 4446 bonum
1176 4389 1212 4444 et
1231 4377 1357 4442 malurn

455 4487 535 4542 sunt
556 4477 755 4553 voluntatis,
772 4497 812 4542 ac
831 4476 992 4541 voluntas
1014 4483 1068 4541 est
1095 4493 1169 4539 esse
1198 4472 1357 4548 hominis,

455 4592 495 4639 ac
514 4569 708 4637 intellthus
727 4571 805 4636 inde
824 4570 955 4636 existit.
