3352 5298
267 685 286 746 8
589 698 640 749 DE
663 697 767 748 Nova
791 697 1066 748 HIEROSOLYMA

266 866 294 930 is
317 875 371 931 est
394 887 512 930 sensus
535 867 687 932 internus
710 889 770 932 seu
788 868 971 950 spiritualis
987 868 1102 932 Verbi.
1147 867 1210 932 Per
1226 872 1380 932 “novum

267 973 401 1038 caelum
417 983 453 1038 et
469 995 594 1039 novam
614 976 770 1053 terram,’'
787 979 821 1042 in
841 998 942 1041 sensu
964 978 1099 1043 interno
1122 997 1181 1042 seu
1204 977 1379 1060 spirituali,

244 1083 246 1088 ’
266 1083 386 1166 inquo
405 1093 485 1148 sunt
504 1083 628 1166 angeli,
648 1084 852 1168 intelligitur
870 1106 958 1149 nova
977 1084 1122 1149 ecclesia
1137 1095 1209 1150 tam
1225 1087 1259 1149 in
1277 1085 1381 1150 caelis

266 1209 368 1272 quam
390 1190 424 1252 in
446 1191 565 1270 terris;
589 1207 744 1266 (deecclesia
757 1207 1069 1267 uoobivisdiceiurinira;)
1095 1212 1155 1274 per
1172 1192 1380 1256 “civitatem

267 1297 544 1379 Hierosolymam
565 1299 833 1364 descendentem
856 1320 877 1364 a
901 1300 975 1364 Deo
998 1320 1017 1363 e
1038 1299 1159 1364 caelo”
1179 1299 1382 1381 intelligitur

266 1406 425 1471 caelestis
441 1405 512 1487 ejus
524 1404 698 1486 dodlrina3
718 1428 778 1490 per
792 1392 1101 1490 “longitudinem'’
1113 1407 1357 1470 “latitudinem
1365 1406 1381 1432 ‘⁸'

265 1525 301 1578 et
322 1514 599 1590 “altitudinem'’
614 1536 700 1598 quae
719 1517 890 1600 aequales,
909 1517 1148 1599 intelliguntur
1159 1517 1273 1580 omnia
1290 1516 1381 1580 bona

265 1633 301 1686 et
320 1643 400 1686 vera
422 1623 511 1686 illius
534 1621 709 1688 dodirinae
732 1626 766 1688 in
789 1623 998 1708 complexu;
1030 1645 1089 1708 per
1109 1630 1268 1687 “murum
1277 1623 1292 1650 ”
1310 1623 1381 1706 ejus

266 1731 503 1814 intelliguntur
525 1753 605 1796 vera
628 1734 778 1796 tutantia
800 1732 913 1810 illam;
945 1754 1004 1816 per
1024 1738 1244 1796 “mensuram
1268 1732 1381 1806 muri,”

265 1841 1380 1924 quae“centumquadragintaquatuorcubitorum,”quae“men·

266 1968 342 2012 sura
371 1949 518 2012 hominis
547 1969 633 2032 quae
662 1959 715 2013 est
745 1949 890 2031 angeli,’'
915 1949 1155 2030 intelliguntur
1181 1950 1296 2012 omnia
1322 1949 1380 2012 illa

265 2077 345 2120 vera
371 2059 521 2121 tutantia
550 2058 583 2120 in
610 2057 805 2140 complexu,
830 2070 865 2121 et
890 2057 989 2140 quale
1016 2078 1153 2136 eorum;
1187 2078 1246 2138 per
1266 2057 1379 2123 “duo-

266 2167 374 2230 decim
391 2167 538 2250 portas,'’
548 2188 634 2250 quae
650 2189 695 2231 ex
712 2169 914 2250 margaritis,
928 2167 1167 2250 intelliguntur
1176 2188 1256 2231 vera
1272 2169 1380 2232 intro·

266 2277 446 2355 ducentia;
469 2276 623 2341 similiter
639 2297 699 2360 per
716 2277 925 2342 “duodecim
942 2277 1085 2359 angelos
1104 2279 1137 2340 in
1154 2279 1261 2360 portis
1275 2275 1299 2354 ;”
1322 2295 1381 2358 per

268 2385 520 2450 “fundamenta
533 2386 646 2461 muri,”
659 2407 744 2469 quae
760 2391 779 2418 “
788 2407 833 2450 ex
852 2387 944 2449 omni
961 2386 1072 2469 lapide
1085 2385 1265 2470 pretioso,”
1278 2386 1379 2450 intel-

266 2492 417 2576 liguntur
439 2495 655 2576 cognitiones
679 2514 778 2578 super
796 2495 916 2577 quibus
939 2492 1094 2558 dodtrina
1117 2495 1176 2558 illa
1199 2495 1358 2559 lundatur
1371 2518 1379 2574 ;

266 2624 325 2685 per
344 2605 552 2668 “duodecim
572 2605 678 2668 tribus
698 2603 859 2668 Israelis”
875 2604 1113 2687 intelliguntur
1131 2607 1245 2668 omnia
1268 2605 1379 2669 eccle·

266 2713 334 2778 siae
354 2713 386 2777 in
403 2733 528 2796 genere
545 2715 629 2778 etin
646 2715 779 2797 specie;
803 2714 923 2778 similia
939 2735 998 2798 per
1012 2715 1220 2778 “duodecim
1239 2725 1379 2797 aposto·

269 2821 320 2885 los
332 2822 358 2900 ;”
384 2843 444 2904 per
464 2829 608 2886 “aurum
637 2822 746 2886 simile
773 2823 863 2886 vitro
891 2823 1005 2906 puro,”
1031 2843 1076 2887 ex
1103 2843 1170 2906 quo
1196 2825 1316 2888 civitas
1344 2835 1379 2888 et

267 2928 393 3012 platea,
424 2929 627 3012 intelligitur
653 2931 778 2994 bonum
805 2932 930 2994 amoris
959 2951 1005 2994 ex
1029 2953 1096 3013 quo
1126 2931 1274 3013 pellucet
1298 2931 1379 2995 doc·

266 3039 355 3102 trina
373 3057 449 3100 cum
472 3038 539 3101 suis
558 3039 668 3117 veris;
697 3059 756 3122 per
773 3044 926 3121 “gentes
935 3038 949 3064 ”
966 3060 1051 3122 quae
1074 3049 1242 3116 servatae,
1262 3048 1298 3102 et
1321 3059 1380 3122 per

267 3152 395 3226 “reges
413 3155 524 3209 terrae
533 3145 548 3170 ”
564 3148 620 3230 qui
643 3147 786 3228 gloriam
806 3158 841 3212 et
865 3148 1030 3211 honorem
1054 3149 1086 3212 in
1111 3147 1204 3211 illam
1225 3147 1378 3224 afferent,

265 3253 503 3336 intelliguntur
518 3275 637 3318 omnes
653 3255 697 3320 ab
716 3256 861 3320 ecclesia
877 3257 932 3340 qui
951 3257 984 3320 in
1004 3257 1101 3319 bonis
1117 3265 1153 3322 et
1171 3258 1259 3320 veris
1277 3266 1356 3321 sunt
1372 3279 1379 3333 ;

267 3383 326 3446 per
338 3367 358 3394 “
368 3361 477 3426 Deum
486 3361 502 3387 ”
512 3372 547 3426 et
560 3363 747 3446 “Agnum”
757 3364 960 3447 intelligitur
970 3365 1136 3429 Dominus
1146 3365 1259 3448 quoad
1272 3365 1379 3448 ipsum

267 3473 426 3537 Divinum
442 3483 477 3538 et
494 3473 653 3537 Divinum
672 3473 878 3538 Humanum.
924 3475 1020 3539 Talis
1039 3485 1093 3540 est
1110 3496 1228 3540 sensus
1245 3477 1379 3558 spiritu·

266 3581 328 3644 alis
353 3581 470 3656 Verbi,
495 3583 547 3645 cui
577 3602 696 3646 sensus
723 3583 898 3658 naturalis
923 3585 979 3666 qui
1006 3593 1058 3648 est
1086 3603 1206 3647 sensus
1234 3583 1379 3656 litterae,

265 3691 404 3754 inservit
429 3710 490 3772 pro
508 3690 601 3768 basi;
632 3691 692 3754 sed
712 3711 816 3774 usque
836 3692 904 3754 bini
928 3692 976 3755 illi
996 3713 1124 3768 sensus,
1145 3691 1327 3774 spiritualis
1345 3701 1380 3754 et

266 3798 440 3872 naturalis,
458 3818 560 3862 unum
579 3799 705 3863 iaciunt
724 3821 783 3882 per
801 3801 1131 3884 correspondentias
1177 3799 1277 3882 Quod
1302 3799 1380 3864 talis

265 3904 460 3970 intellestus
488 3907 670 3990 spiritualis
700 3909 779 3972 insit
809 3911 966 3972 omnibus
995 3909 1072 3984 illis,
1100 3929 1168 3973 non
1195 3921 1296 3974 vacat
1326 3908 1379 3972 hic

266 4015 459 4092 ostendere,
474 4018 631 4099 quianon
645 4015 742 4098 hujus
755 4019 866 4100 operis
879 4029 934 4081 est
947 4041 954 4095 ;
978 4019 1038 4081 sed
1051 4029 1190 4082 ostensa
1202 4019 1381 4082 videantur

266 4125 299 4186 in
319 4125 469 4189 Arcani's
491 4124 704 4201 Caelesti'bus,
725 4127 758 4189 in
778 4129 998 4210 sequentibus
1017 4127 1069 4191 his
1088 4126 1236 4191 locis:-

319 4288 408 4390 ῼιιοά
428 4291 458 4346 iri
471 4289 644 4381 ”llerbo'pler
656 4299 787 4347 “terram
799 4293 814 4313 ”
827 4291 1009 4364 significetur
1024 4292 1155 4354 ecclesia,
1171 4292 1315 4363 imprimis
1331 4293 1380 4348 ubl

351 4361 706 4502 {terentinii
708 4361 1226 4503 {saturniniani
1233 4364 1380 4504 initii

266 4518 353 4558 sensu
368 4517 419 4572 per
429 4509 444 4530 ⁴⁴
453 4512 561 4556 terram
572 4503 587 4522 '⁹
598 4503 772 4574 intelligitur
783 4519 856 4586 gens
866 4519 941 4573 quae
954 4503 1003 4585 lbi,
1014 4515 1044 4584 et
1056 4505 1121 4584 eius
1130 4504 1228 4584 ¹cultus
1238 4505 1279 4572 (ii.
1293 4503 1379 4570 1262).

267 4579 282 4601 ¹⁴
293 4571 559 4714 Pibpulusuterrael'
572 4573 653 4645 quod
669 4573 729 4628 sirit
742 4589 800 4672 qui.
806 4573 844 4627 ab
856 4573 980 4662 ecclesia
992 4571 1138 4655 spirituali
1153 4573 1193 4639 (n.
1204 4570 1294 4654 ²9².⁸)·
1360 4640 1366 4652 ι

349 4644 408 4699 uod
445 4660 556 4699 novum
570 4645 683 4700 caelum
697 4655 728 4699 et
741 4652 908 4698 noiaterra
945 4641 1113 4714 signitioent
1127 4657 1237 4696 novum
1252 4640 1383 4695 incaelis
