3352 5298
229 685 266 736 12
548 684 599 735 DE
622 683 726 735 Nova
750 679 1026 737 Hmnosotvmn‘

225 857 330 925 retur,
359 849 518 914 videatur
546 851 580 913 in
614 851 780 934 opusculo
814 851 865 916 De
900 850 1025 916 Ultimo
1052 851 1193 927 Judicio
1228 869 1264 930 (n.
1289 869 1340 930 74).
1367 867 1368 870 ’

227 956 328 1038 Quod
353 977 442 1021 nova
465 957 610 1022 ecclesia
633 979 694 1041 per
713 963 866 1023 “novam
885 967 1011 1024 terram
1019 959 1034 986 ''
1049 959 1268 1042 significetur,
1288 971 1341 1026 est

226 1088 271 1130 ex
299 1087 400 1130 sensu
422 1067 587 1150 spirituali
611 1065 738 1148 Verbi;
758 1049 808 1132 in
830 1089 873 1133 eo
895 1070 986 1134 enim
1008 1089 1110 1134 sensu
1137 1089 1206 1134 non
1229 1071 1342 1154 aliqua

226 1187 318 1240 terra
340 1195 399 1256 per
419 1182 574 1240 “terram
583 1177 598 1202 ”
621 1177 834 1260 intelligitur,
859 1178 920 1242 sed
943 1179 1015 1261 ipsa
1037 1199 1123 1261 gens
1146 1179 1191 1242 ibi
1214 1189 1250 1244 et
1272 1179 1342 1262 ejus

226 1285 338 1349 cultus
352 1286 505 1362 DivinuS,
519 1286 585 1350 hoc
598 1288 688 1351 enim
702 1297 755 1352 est
771 1287 945 1370 spirituale
961 1288 1038 1352 loco
1052 1294 1192 1353 “terrae
1203 1290 1229 1353 :'’
1245 1309 1341 1372 prae·

226 1405 322 1457 terea
344 1415 404 1476 per
428 1401 582 1458 “terram
592 1395 607 1420 ”
631 1395 759 1478 absque
782 1393 942 1478 adjunbto
971 1398 1108 1460 nomine
1136 1399 1286 1479 regionis
1308 1399 1341 1462 in

228 1500 345 1565 Verbo
374 1501 480 1566 Terra
510 1501 650 1566 Canaan
673 1503 896 1586 intelligitur;
931 1513 967 1568 et
994 1505 1029 1567 in
1052 1505 1158 1568 Terra
1182 1504 1342 1569 Canaane

226 1611 371 1675 ecclesia
393 1611 501 1675 fuerat
530 1612 574 1675 ab
596 1613 839 1695 antiquissimis
861 1614 1081 1696 temporibus,
1107 1613 1194 1678 unde
1217 1611 1342 1678 fabium

226 1729 280 1784 est
299 1721 390 1803 quod
408 1723 522 1784 omnia
541 1721 618 1784 loca
637 1741 722 1804 quae
741 1722 787 1784 ibi
808 1721 952 1796 luerunt,
970 1733 1006 1785 et
1025 1742 1111 1804 quae
1130 1723 1343 1805 undiquaque

226 1829 541 1910 circumjacuerunt,
565 1849 643 1893 cum
666 1831 839 1894 montibus
862 1839 898 1894 et
921 1829 1039 1906 fluviis»,
1059 1851 1146 1913 quae
1168 1832 1202 1894 in
1226 1827 1343 1894 Verbo

226 1939 456 2013 nominantur,
476 1935 565 2002 {adia
583 1939 651 2003 sint
674 1939 965 2022 repraesentativa
987 1950 1023 2004 et
1046 1939 1271 2022 significativa
1289 1948 1342 2002 ta·

226 2046 307 2110 lium
323 2067 410 2129 quae
426 2057 505 2110 sunt
523 2048 658 2112 interna
676 2047 852 2122 ecclesiae,
872 2069 959 2130 quae
978 2057 1058 2111 sunt
1075 2069 1161 2131 quae
1177 2057 1343 2112 vocantur

226 2154 297 2235 ejus
310 2156 496 2238 spiritualia
509 2177 517 2233 ;
540 2157 619 2220 inde
634 2166 688 2222 est
701 2157 802 2240 quod,
818 2167 854 2222 ut
870 2155 997 2221 dib'tum
1010 2167 1075 2232 est,
1089 2177 1149 2240 per
1163 2163 1183 2190 “
1192 2167 1318 2221 terram
1327 2156 1343 2182 ”

226 2266 260 2329 in
273 2264 401 2340 Verbo,
415 2267 493 2348 quia
508 2265 709 2348 intelligitur
722 2266 827 2330 Terra
843 2265 993 2342 Canaan,
1007 2265 1216 2347 significetur
1231 2265 1342 2330 eccle·

226 2375 295 2452 sia;
320 2375 474 2438 similiter
487 2375 540 2439 hic
558 2396 617 2458 per
631 2380 782 2439 “novam
799 2375 954 2439 terram.”
994 2375 1050 2438 Ex
1067 2375 1133 2439 hoc
1143 2377 1237 2440 venit
1252 2375 1342 2458 quod

227 2493 402 2566 receptum
423 2485 467 2547 sit
486 2485 520 2547 in
543 2483 687 2548 ecclesia
706 2485 817 2548 dicere
836 2483 1003 2548 “Canaan
1022 2484 1210 2560 caelestis,”
1225 2504 1264 2548 ac
1284 2504 1343 2566 per

225 2589 307 2655 illud
324 2592 517 2674 intelligere
533 2592 675 2656 caelum.

279 2747 368 2820 Quod
382 2767 434 2820 per
447 2757 463 2779 ‘¹
471 2750 592 2806 Terram
606 2749 726 2805 Canaan
736 2751 751 2771 ”
762 2751 791 2805 in
802 2749 892 2805 Verbi
905 2765 993 2806 sensu
1006 2749 1151 2820 spirituali
1163 2749 1340 2823 intelligatur

226 2830 521 2966 {cacfflafssgfflsum
535 2841 581 2886 est
589 2830 679 2886 variis
692 2831 722 2886 in
737 2834 862 2886 Arcanr's
871 2831 1047 2894 caelestibus,
1057 2831 1209 2903 exquibus
1219 2847 1343 2903 sequen·

279 3027 369 3100 Quod
383 3029 589 3100 Antiqussima
604 3028 742 3092 Ecclesia,
756 3045 832 3101 quae
845 3029 902 3086 luit
914 3039 984 3086 ante
998 3030 1152 3094 diluvium,
1165 3041 1196 3086 et
1209 3029 1343 3102 Antiqua

227 3099 366 3162 Ecclesia,
379 3115 455 3169 quae
471 3099 527 3154 luit
541 3109 609 3170 post
624 3101 777 3163 diluvium,
790 3101 900 3156 luerint
919 3101 949 3155 in
968 3101 1059 3156 Terra
1074 3100 1212 3157 Canaane
1232 3103 1271 3171 (n.
1284 3102 1341 3172 567,

226 3169 1072 3255 68644474644546.4517456665ιό,9377693351).
1115 3241 1121 3256 ,

279 3237 368 3312 Quod
381 3250 454 3294 tunc
463 3257 565 3294 omma
574 3241 639 3295 loca
651 3240 731 3297 iadla
741 3252 803 3297 sint
812 3252 1062 3313 repraesentativa
1070 3243 1175 3296 talium
1209 3258 1264 3297 uae
1273 3252 1343 3298 sunt

226 3311 256 3364 in
267 3327 359 3381 regno
374 3310 494 3365 Domini
507 3321 538 3366 et
550 3312 675 3366 eeclesia
688 3313 728 3379 (n.
744 3311 836 3382 1505[?
853 3312 938 3381 1585],
953 3311 1030 3381 3686,
1043 3325 1121 3378 4447,
1137 3257 1212 3382 5132.

246 3453 253 3464 ·
279 3379 367 3453 Quod
388 3381 456 3436 ideo
472 3381 623 3466 Abraham
643 3382 713 3436 illuc
729 3381 770 3437 ire
784 3383 883 3466 jussus
895 3383 942 3466 sit,
955 3383 1096 3465 quoniam
1112 3383 1191 3453 apud
1262 3393 1342 3438 teros

225 3451 1342 3605 {tlattltttltnttzt,2⁰ttatztt¹ltalttttttatnttltt

225 3593 429 3664 significativis
442 3609 518 3663 quae
531 3593 571 3648 ibi
585 3593 625 3662 (n.
639 3593 715 3662 3686,
725 3607 803 3660 4447,
820 3593 895 3662 5136,
908 3593 1000 3663 65ι6).

279 3661 353 3717 Inde
374 3673 420 3718 est
445 3664 526 3734 quod
548 3679 601 3735 per
619 3671 751 3719 “terram
761 3665 776 3684 ’¹
795 3675 826 3718 et
846 3681 899 3734 per
925 3672 940 3694 ¹¹
949 3665 1071 3718 Terram
1093 3661 1289 3720 Canaanem”
1312 3664 1341 3718 in

225 3733 532 3874 Voqrbgqpsigqiffietur
553 3733 677 3789 ecclesia
699 3737 739 3804 (n.
765 3734 841 3804 3038,
865 3735 942 3804 3481,
966 3747 1043 3804 3765,
1064 3746 1142 3801 4447,
1163 3746 1242 3804 4517,
1266 3747 1341 3805 5757,

229 3819 238 3858 1
281 3817 294 3873 5
327 3817 403 3874 ,ιο5
467 3846 473 3859 .

288 3973 332 4036 6.
363 3971 453 4054 Quid
476 3993 536 4056 per
556 3973 885 4056 “Hierosolymam'’
903 3975 936 4037 in
955 3973 1072 4038 Verbo
1095 3974 1128 4037 in
1151 3972 1222 4054 ejus
1240 3993 1342 4038 sensu

225 4081 389 4164 spirituali
412 4083 625 4166 intelligitur,
646 4084 750 4147 etiam
773 4083 889 4166 paucis
915 4082 1056 4146 dicetur.
1102 4082 1164 4146 Per
1185 4087 1204 4114 ‘⁴
1218 4081 1341 4146 Hiero·

224 4191 418 4272 solymam”
434 4191 637 4273 intelligitur
662 4193 736 4274 ipsa
761 4191 906 4256 ecclesia
932 4191 1044 4274 quoad
1068 4189 1277 4268 doetrinam;
1305 4201 1341 4254 et

224 4299 290 4364 hoc
318 4321 363 4362 ex
390 4319 504 4374 causa,
533 4301 609 4382 quia
638 4300 682 4363 ibi
712 4301 746 4363 in
772 4299 879 4364 Terra
905 4298 1056 4375 Canaan,
1084 4309 1120 4364 et
1150 4319 1219 4363 non
1249 4299 1339 4374 alibi,

224 4408 406 4490 Templum
426 4417 511 4485 erat,
531 4409 641 4472 altare
664 4419 748 4484 erat,
760 4407 932 4514 'sacrificia
950 4408 1087 4483 fiebant,
1108 4409 1156 4472 ita
1179 4409 1250 4491 ipse
1269 4406 1340 4472 cul·

225 4527 280 4580 tus
300 4515 462 4594 Divinus;
486 4537 589 4600 quare
607 4519 712 4582 etiam
731 4519 796 4582 tria
814 4518 901 4582 festa
919 4517 1101 4601 quotannis
1124 4517 1169 4580 ibi
1187 4515 1340 4580 celebra·

224 4627 358 4702 bantur,
379 4636 414 4690 et
433 4627 476 4690 ad
500 4627 557 4691 illa
576 4629 686 4692 omnis
706 4626 875 4692 masculus
894 4627 1000 4692 totius
1023 4637 1134 4692 terrae
1157 4625 1340 4690 mandatus
