3352 5298
285 1116 368 1232 oe
406 1115 581 1234 tout
619 1079 1096 1271 HIEROSOLYMA
1135 1111 1210 1225 at
1246 1107 1400 1268 mus

519 1331 828 1476 Doctum
865 1327 1168 1450 clatum.

284 1909 341 1972 Do
378 1909 488 1974 Novo
521 1909 651 1975 cnuto
684 1923 733 1974 ar
765 1909 877 1974 Nova
910 1907 1066 1988 Turtam
1112 1921 1161 1972 ar
1198 1919 1291 1986 Qun>
1328 1921 1398 1972 aaa

410 2019 581 2084 “Novam
606 2019 946 2084 Hmaosouuunu”
968 2031 1255 2084 ruratutcmua.

422 2275 591 2343 ICITUR
612 2277 646 2341 in
664 2275 882 2360 Apocalypsi,

290 2276 422 2550 D
451 2445 534 2496 “Vidi
547 2447 650 2496 eaelum
663 2461 764 2496 novum
776 2455 804 2496 et
814 2455 914 2497 terram
926 2459 1033 2506 nomm,
1065 2445 1161 2496 timum
1173 2447 1246 2496 enim
1259 2447 1361 2496 caelum
1373 2455 1401 2496 et

412 2521 581 2641 lautu:
589 2511 1046 2638 {titilletuiutllile
1058 2511 1401 2640 elrillfiillllllz

412 2658 484 2694 eam.
495 2657 596 2692 ,eoram
608 2643 667 2692 viro
679 2641 754 2692 auo.¹’
785 2642 950 2694 ....Civitae
964 2643 1100 2692 '‘habebat
1113 2657 1218 2692 murum
1230 2657 1358 2706 magnum
1373 2653 1401 2693 et

412 2711 505 2768 altum,
515 2708 559 2771 qui
571 2709 686 2758 habebat
698 2717 790 2772 portae
799 2709 948 2768 duodecim,
956 2717 983 2758 et
995 2708 1022 2758 in
1035 2708 1119 2772 portia
1128 2708 1240 2770 angelos
1251 2708 1399 2768 duodecim,

412 2783 440 2825 et
450 2774 562 2822 nomina
571 2774 705 2836 inscripta,
714 2788 781 2837 quae
790 2783 853 2824 aunt
862 2775 973 2823 nomina
981 2773 1122 2822 duodecim
1132 2775 1260 2823 tribuum.
1271 2773 1400 2824 .1sraells.

417 2838 514 2891 ....Et
531 2853 623 2889 murua
640 2839 754 2890 civitatis
771 2840 887 2889 habebat
903 2839 1079 2888 fundamenta
1096 2839 1244 2898 duodecim,
1259 2840 1286 2888 in
1305 2839 1400 2903 quibua

413 2903 554 2955 duodecim
572 2904 684 2954 nomina
700 2905 885 2967 apostolorum
903 2905 984 2967 Agui.
1017 2903 1142 2968 ....lpaa
1158 2905 1253 2954 civitas
1270 2905 1401 2968 quadran·

412 2969 513 3033 gularia
536 2969 588 3019 alta
604 2979 654 3028 eat,
671 2970 747 3033 cujus
764 2970 906 3032 longitudo
922 2979 998 3020 tanta
1014 2979 1071 3019 erat
1088 2977 1189 3034 quanta
1205 2969 1326 3020 latitudo.
1367 2969 1401 3019 Et

413 3049 524 3086 mensus
541 3043 583 3085 eat
600 3035 737 3084 civitatem
755 3035 859 3084 calamo
876 3035 910 3085 ad
928 3036 1074 3085 stadiorum
1092 3035 1233 3086 duodecim
1251 3035 1351 3100 miilia;
1374 3045 1401 3085 et

413 3111 491 3150 erant
505 3099 645 3163 longitudo
659 3111 686 3150 et
699 3100 813 3150 latitudo
830 3109 858 3150 et
871 3101 984 3150 altitudo
998 3100 1057 3163 eiua
1071 3100 1204 3164 aequales.
1240 3099 1273 3150 Et
1290 3115 1400 3150 mensus

413 3175 455 3216 eat
468 3179 574 3215 murum
588 3163 648 3228 ejus
665 3175 772 3216 centum
786 3165 964 3230 quadraginta
977 3175 1090 3229 quatuor
1103 3166 1260 3225 cubitorum,
1274 3179 1401 3216 mensura

411 3231 536 3290 hominia,
549 3245 617 3294 quae
629 3240 671 3281 eat
681 3231 778 3293 angeli.
800 3230 895 3282 ..Erat
912 3245 1003 3280 mutua
1021 3231 1080 3294 ejua
1094 3246 1128 3280 ex
1141 3230 1253 3294 jaspide,
1266 3231 1325 3294 ipsa
1335 3245 1400 3281 vero

412 3297 506 3346 civitae
519 3310 614 3345 aurum
628 3311 732 3360 purum,
742 3295 829 3346 simile
841 3297 911 3346 ultro
922 3311 1005 3360 puro:
1023 3305 1050 3346 ct
1064 3296 1240 3346 fundamenta
1254 3297 1322 3346 muri
1337 3296 1401 3346 civi-

412 3361 475 3412 tatia
493 3376 526 3411 ex
543 3361 618 3410 omni
636 3361 725 3424 lapide
742 3361 873 3424 pretloao.
884 3397 944 3412 ....
980 3361 1128 3412 Duodecim
1146 3371 1240 3425 portae
1257 3361 1399 3412 duodecim

412 3427 572 3490 margaritae
594 3435 765 3486 erant;...et
787 3427 878 3490 platea
899 3427 1015 3476 civitatis
1040 3441 1134 3476 aurum
1158 3441 1252 3490 purum
1273 3437 1400 3490 tanquam

412 3493 511 3542 vitrum
530 3491 701 3556 pellucidum.
729 3492 885 3543 ....Gloria
908 3491 959 3542 Dei
980 3493 1130 3542 illustrabat
1147 3493 1229 3550 iilam.
1242 3501 1270 3542 et
1292 3493 1402 3543 lucerna

412 3557 472 3620 eiua
488 3566 548 3607 erat
560 3557 665 3620 Agnus.
687 3557 851 3608 ....Gentea
869 3573 937 3622 quae
954 3567 1077 3608 servatae
1094 3557 1209 3617 luerunt,
1224 3558 1402 3608 ambulabunt

412 3623 447 3672 ad
458 3623 545 3672 lucem
559 3622 626 3686 ejus.
639 3631 666 3672 et
678 3635 755 3685 reges
770 3631 855 3673 terrae
869 3623 983 3686 gloriam
997 3637 1073 3673 auam
1086 3631 1113 3672 et
1127 3623 1257 3672 honorem
1272 3637 1350 3674 auum
1366 3624 1400 3673 ad

412 3687 486 3737 illam
498 3686 634 3738 aderent”
645 3687 713 3752 (cap.
725 3689 778 3738 xxi.
792 3701 814 3748 1,
827 3700 850 3748 a,
864 3687 961 3751 12-24).

283 3870 399 3938 Homo
414 3875 469 3958 qui
488 3873 573 3938 haec
590 3873 686 3956 legit,
701 3894 770 3938 non
789 3873 889 3938 aliter
904 3874 962 3938 illa
980 3873 1143 3958 intelligit
1159 3893 1259 3958 quam
1279 3895 1399 3939 secun-

282 3971 363 4045 dum
383 4001 522 4047 sensum
545 3981 702 4061 litterae;
727 4002 861 4067 nempe,
883 3984 973 4066 quod
992 3985 1177 4067 periturum
1200 3985 1245 4049 sit
1267 3983 1399 4049 caelum

282 4089 489 4174 aspediabile
515 4111 592 4156 cum
620 4103 722 4170 terra,
749 4103 784 4157 et
812 4113 939 4156 novum
968 4093 1101 4158 caelum
1128 4095 1344 4172 exstiturum,
1364 4105 1400 4159 et

281 4199 372 4283 quod
397 4221 498 4284 super
524 4221 650 4266 novam
678 4211 803 4267 terram
832 4201 1038 4267 descensura
1064 4205 1109 4267 sit
1134 4201 1254 4268 sanila
1280 4204 1401 4269 civitas

261 4307 534 4400 ‘Hierosolymm
554 4319 590 4375 et
608 4311 699 4395 quod
719 4311 778 4374 illa
800 4309 911 4375 sutura
936 4313 980 4376 sit
999 4312 1110 4396 quoad
1130 4332 1206 4376 suas
1226 4331 1400 4378 mensuras

280 4417 467 4482 secundum
497 4418 773 4502 descriptionem.
819 4417 887 4484 Sed
913 4420 1027 4504 angeli
1054 4441 1190 4504 prorsus
1215 4420 1316 4487 aliter
1342 4421 1400 4486 illa

280 4525 491 4609 intelligunt,
508 4545 644 4610 nempe,
662 4527 797 4610 singula
820 4529 1040 4612 spiritualiter
1062 4550 1148 4614 quae
1170 4528 1275 4594 homo
1298 4539 1399 4594 natu·

280 4633 416 4716 raiiter;
443 4645 480 4700 ct
498 4635 586 4700 sicut
604 4633 718 4719 angeli
741 4635 950 4719 intelligunt,
970 4639 1018 4702 ita
1041 4637 1234 4722 significant
1253 4637 1332 4720 illa3
1363 4649 1399 4704 et
